unix_timestamp,lastUpdateId,bid_price_0,bid_qty_0,bid_price_1,bid_qty_1,bid_price_2,bid_qty_2,bid_price_3,bid_qty_3,bid_price_4,bid_qty_4,bid_price_5,bid_qty_5,bid_price_6,bid_qty_6,bid_price_7,bid_qty_7,bid_price_8,bid_qty_8,bid_price_9,bid_qty_9,ask_price_0,ask_qty_0,ask_price_1,ask_qty_1,ask_price_2,ask_qty_2,ask_price_3,ask_qty_3,ask_price_4,ask_qty_4,ask_price_5,ask_qty_5,ask_price_6,ask_qty_6,ask_price_7,ask_qty_7,ask_price_8,ask_qty_8,ask_price_9,ask_qty_9
1759175614.9454138,177365687706,1.848400,3034.210000,1.848300,54.100000,1.848200,9548.780000,1.848100,12544.940000,1.848000,12591.520000,1.847900,1501.610000,1.847800,2796.900000,1.847700,988.150000,1.847600,3488.250000,1.847500,2472.950000,1.848500,436.980000,1.848700,42.050000,1.848800,883.070000,1.848900,4909.310000,1.849000,6800.000000,1.849100,10962.880000,1.849200,5819.760000,1.849300,5360.260000,1.849400,2900.730000,1.849500,107.440000
1759175621.845546,177365796113,1.848000,20337.250000,1.847900,945.930000,1.847800,7468.530000,1.847700,16475.060000,1.847600,1202.930000,1.847500,2697.150000,1.847400,6299.630000,1.847300,2106.750000,1.847200,98.670000,1.847100,1749.470000,1.848100,1834.490000,1.848200,20.000000,1.848400,268.350000,1.848500,4909.310000,1.848600,7097.000000,1.848700,11178.770000,1.848800,6168.320000,1.848900,2023.140000,1.849000,8050.940000,1.849100,39.660000
1759175622.107185,177365800958,1.848000,35375.340000,1.847900,1360.420000,1.847800,667.800000,1.847700,1490.820000,1.847600,5536.390000,1.847500,7382.320000,1.847400,4411.000000,1.847300,2002.200000,1.847200,98.670000,1.847100,5512.780000,1.848100,82.400000,1.848200,20.000000,1.848400,51.950000,1.848600,300.000000,1.848700,216.360000,1.848800,5640.460000,1.848900,1951.910000,1.849000,6421.370000,1.849100,110.890000,1.849200,2723.130000
1759175622.3665051,177365806057,1.849000,5402.190000,1.848900,540.530000,1.848800,4231.840000,1.848700,414.460000,1.848600,108.190000,1.848500,8189.390000,1.848400,9396.300000,1.848300,510.690000,1.848200,1984.110000,1.848100,414.460000,1.849100,1746.690000,1.849200,35.870000,1.849500,54.070000,1.849600,1117.180000,1.849800,43.040000,1.849900,232.610000,1.850000,1356.770000,1.850100,727.100000,1.850200,5604.590000,1.850300,1433.210000
1759175622.6101127,177365810112,1.849000,23649.920000,1.848900,1314.860000,1.848800,1632.500000,1.848700,414.460000,1.848600,7144.060000,1.848500,5153.520000,1.848400,5396.300000,1.848300,565.670000,1.848200,1984.110000,1.848100,414.460000,1.849100,658.740000,1.849200,35.870000,1.849500,54.070000,1.849600,1395.680000,1.849800,43.040000,1.849900,232.610000,1.850000,1356.770000,1.850100,727.100000,1.850200,5604.590000,1.850300,1433.210000
1759175622.8595977,177365813265,1.849000,27069.660000,1.848900,1433.600000,1.848800,1632.500000,1.848700,414.460000,1.848600,4108.190000,1.848500,1555.790000,1.848400,5396.300000,1.848300,903.220000,1.848200,1984.110000,1.848100,6019.050000,1.849100,606.740000,1.849200,35.870000,1.849600,1395.680000,1.849800,43.040000,1.849900,232.610000,1.850000,6266.080000,1.850100,727.100000,1.850200,12568.720000,1.850300,1433.210000,1.850400,51.350000
1759175623.1250815,177365817561,1.849000,25434.850000,1.848900,1433.600000,1.848800,1632.500000,1.848700,414.460000,1.848600,4108.190000,1.848500,1555.790000,1.848400,5396.300000,1.848300,903.220000,1.848200,1984.110000,1.848100,6019.050000,1.849100,477.210000,1.849200,35.870000,1.849600,1395.680000,1.849800,114.270000,1.849900,232.610000,1.850000,6266.080000,1.850100,727.100000,1.850200,12568.720000,1.850300,1433.210000,1.850400,51.350000
1759175623.3757248,177365821686,1.849000,469.030000,1.848900,2494.330000,1.848800,2549.060000,1.848700,1332.930000,1.848600,1447.510000,1.848500,1153.520000,1.848400,833.250000,1.848300,7450.330000,1.848200,6171.290000,1.848100,485.690000,1.849100,3533.460000,1.849200,35.870000,1.849400,278.500000,1.849500,179.370000,1.849600,6026.490000,1.849800,43.040000,1.849900,7196.740000,1.850000,6266.080000,1.850100,2828.760000,1.850200,6018.790000
1759175623.6433032,177365825753,1.849000,374.870000,1.848900,536.440000,1.848800,2549.060000,1.848700,414.460000,1.848600,216.380000,1.848500,4008.570000,1.848400,1718.120000,1.848300,414.460000,1.848200,522.710000,1.848100,11450.330000,1.849100,3525.650000,1.849200,314.370000,1.849300,71.230000,1.849400,108.140000,1.849500,5712.730000,1.849600,6026.490000,1.849800,7007.170000,1.849900,2354.270000,1.850000,6680.390000,1.850100,57.020000
1759175623.9160178,177365830539,1.849000,902.520000,1.848900,3915.260000,1.848800,401.370000,1.848700,414.460000,1.848600,4216.380000,1.848500,1402.880000,1.848400,486.990000,1.848300,2364.620000,1.848200,630.920000,1.848100,7450.330000,1.849100,3525.650000,1.849200,35.870000,1.849400,108.140000,1.849500,5712.730000,1.849600,6304.990000,1.849800,7078.400000,1.849900,926.440000,1.850000,6266.080000,1.850100,54.050000,1.850200,414.200000
1759175624.191664,177365833927,1.849000,1179.410000,1.848900,3796.520000,1.848800,401.370000,1.848700,414.460000,1.848600,4216.380000,1.848500,1402.880000,1.848400,486.990000,1.848300,2364.620000,1.848200,630.920000,1.848100,7450.330000,1.849100,492.400000,1.849200,35.870000,1.849400,108.140000,1.849500,5712.730000,1.849600,6304.990000,1.849800,114.270000,1.849900,8018.490000,1.850000,6266.080000,1.850100,54.050000,1.850200,414.200000
1759175624.4764795,177365839500,1.849000,1372.530000,1.848900,3796.520000,1.848800,401.370000,1.848700,414.460000,1.848600,4216.380000,1.848500,1402.880000,1.848400,486.990000,1.848300,2364.620000,1.848200,630.920000,1.848100,7450.330000,1.849100,492.400000,1.849200,35.870000,1.849500,5712.730000,1.849600,5223.680000,1.849800,114.270000,1.849900,8244.670000,1.850000,6266.080000,1.850100,54.050000,1.850200,414.200000,1.850300,139.690000
1759175624.7319815,177365843017,1.849000,435.420000,1.848900,4523.280000,1.848800,401.370000,1.848700,957.520000,1.848600,1447.510000,1.848500,1153.520000,1.848400,4486.990000,1.848300,7603.240000,1.848200,2279.500000,1.848100,485.690000,1.849100,4445.010000,1.849200,35.870000,1.849400,162.210000,1.849500,5729.890000,1.849600,5299.280000,1.849800,7007.170000,1.849900,926.440000,1.850000,7074.220000,1.850100,468.230000,1.850200,414.200000
1759175624.9971025,177365847574,1.849000,426.480000,1.848900,4523.280000,1.848800,401.370000,1.848700,855.170000,1.848600,1447.510000,1.848500,1153.520000,1.848400,4486.990000,1.848300,7603.240000,1.848200,2279.500000,1.848100,485.690000,1.849100,4436.010000,1.849200,35.870000,1.849400,162.210000,1.849500,5729.890000,1.849600,5299.280000,1.849800,7007.170000,1.849900,926.440000,1.850000,7074.220000,1.850100,468.230000,1.850200,414.200000
1759175625.2737532,177365852039,1.848800,520.110000,1.848700,2699.630000,1.848600,1447.510000,1.848500,1153.520000,1.848400,4486.990000,1.848300,567.370000,1.848200,880.280000,1.848100,7521.560000,1.848000,24316.850000,1.847900,2189.420000,1.848900,1240.960000,1.849100,1208.200000,1.849200,39.110000,1.849400,216.280000,1.849500,5729.890000,1.849600,5299.280000,1.849800,457.310000,1.849900,7890.570000,1.850000,7074.220000,1.850100,468.230000
1759175625.5543861,177365857489,1.848700,533.200000,1.848600,129.500000,1.848500,3114.090000,1.848400,486.990000,1.848300,522.670000,1.848200,4739.130000,1.848100,7450.330000,1.848000,14389.700000,1.847900,2260.650000,1.847800,802.960000,1.848900,51.000000,1.849100,1091.900000,1.849200,317.610000,1.849300,125.300000,1.849400,570.340000,1.849500,5658.660000,1.849600,4945.180000,1.849800,7421.440000,1.849900,9184.270000,1.850000,8347.770000
1759175625.834104,177365861508,1.848700,20435.020000,1.848600,1371.190000,1.848500,1128.920000,1.848400,4486.990000,1.848300,522.670000,1.848200,918.470000,1.848100,638.600000,1.848000,16876.520000,1.847900,2189.420000,1.847800,1448.540000,1.848800,1281.260000,1.848900,83.000000,1.849100,1081.600000,1.849200,39.110000,1.849300,54.070000,1.849400,216.280000,1.849500,5729.890000,1.849600,5713.550000,1.849800,457.310000,1.849900,7890.570000
1759175626.0591843,177365865456,1.848700,27398.770000,1.848600,1252.440000,1.848500,1247.670000,1.848400,4486.990000,1.848300,522.670000,1.848200,988.530000,1.848100,638.600000,1.848000,17123.310000,1.847900,2189.420000,1.847800,1448.540000,1.848800,1322.260000,1.848900,32.000000,1.849100,1081.600000,1.849200,39.110000,1.849300,54.070000,1.849400,216.280000,1.849500,5729.890000,1.849600,5713.550000,1.849800,457.310000,1.849900,7890.570000
1759175626.315133,177365869639,1.848700,2512.820000,1.848600,1252.440000,1.848500,1247.670000,1.848400,486.990000,1.848300,4522.670000,1.848200,988.530000,1.848100,7674.470000,1.848000,15723.870000,1.847900,2189.420000,1.847800,1448.540000,1.848800,4373.800000,1.849100,1081.600000,1.849200,39.110000,1.849300,54.070000,1.849400,494.780000,1.849500,12694.020000,1.849600,5713.550000,1.849800,457.310000,1.849900,926.440000,1.850000,8347.770000
1759175626.5740142,177365872650,1.848700,23683.470000,1.848600,2017.610000,1.848500,2751.940000,1.848400,4486.990000,1.848300,522.670000,1.848200,739.130000,1.848100,696.850000,1.848000,14088.180000,1.847900,3495.820000,1.847800,675.250000,1.848800,1357.560000,1.849200,39.110000,1.849300,54.070000,1.849400,566.010000,1.849500,6012.720000,1.849600,5359.490000,1.849800,457.310000,1.849900,7890.570000,1.850000,9641.500000,1.850100,468.230000
1759175626.8540137,177365874660,1.848700,440.160000,1.848600,2017.610000,1.848500,2751.940000,1.848400,4486.990000,1.848300,522.670000,1.848200,739.130000,1.848100,7732.720000,1.848000,14088.180000,1.847900,3495.820000,1.847800,675.250000,1.848800,1121.410000,1.849200,39.110000,1.849300,54.070000,1.849400,566.010000,1.849500,6012.720000,1.849600,5359.490000,1.849800,457.310000,1.849900,7890.570000,1.850000,9641.500000,1.850100,468.230000
1759175627.124469,177365881166,1.848600,1937.850000,1.848500,2751.940000,1.848400,486.990000,1.848300,522.670000,1.848200,4739.130000,1.848100,7853.860000,1.848000,13960.260000,1.847900,3495.820000,1.847800,803.170000,1.847700,4490.040000,1.848800,1208.380000,1.849200,39.110000,1.849300,54.070000,1.849400,287.510000,1.849500,6427.030000,1.849600,5359.490000,1.849800,457.310000,1.849900,7890.570000,1.850000,9641.500000,1.850100,468.230000
1759175627.4284759,177365887100,1.848600,29006.160000,1.848500,2757.210000,1.848400,486.990000,1.848300,4522.670000,1.848200,739.130000,1.848100,665.080000,1.848000,14113.170000,1.847900,3495.820000,1.847800,2106.670000,1.847700,4490.040000,1.848700,886.630000,1.848800,1133.780000,1.849200,229.090000,1.849300,54.070000,1.849400,287.510000,1.849500,6427.030000,1.849600,5359.490000,1.849700,1077.100000,1.849800,7421.440000,1.849900,926.440000
1759175627.6804307,177365890072,1.848600,25950.490000,1.848500,2757.210000,1.848400,486.990000,1.848300,4522.670000,1.848200,739.130000,1.848100,665.080000,1.848000,14113.170000,1.847900,3495.820000,1.847800,2106.670000,1.847700,4490.040000,1.848700,829.690000,1.849200,39.110000,1.849300,244.050000,1.849400,287.510000,1.849500,6427.030000,1.849600,5359.490000,1.849800,1583.370000,1.849900,7890.570000,1.850000,9641.500000,1.850100,468.230000
1759175627.9923131,177365894920,1.848600,28984.400000,1.848500,2757.210000,1.848400,486.990000,1.848300,4522.670000,1.848200,739.130000,1.848100,665.080000,1.848000,14113.170000,1.847900,3495.820000,1.847800,2106.670000,1.847700,4490.040000,1.848700,840.690000,1.849200,39.110000,1.849300,244.050000,1.849400,287.510000,1.849500,6427.030000,1.849600,5359.490000,1.849800,1583.370000,1.849900,7890.570000,1.850000,9641.500000,1.850100,468.230000
1759175628.2680218,177365899939,1.848600,6966.960000,1.848500,2757.210000,1.848400,486.990000,1.848300,522.670000,1.848200,739.130000,1.848100,7700.950000,1.848000,14113.170000,1.847900,3495.820000,1.847800,2106.670000,1.847700,4490.040000,1.848700,840.690000,1.848800,78.370000,1.849200,39.110000,1.849300,244.050000,1.849400,287.510000,1.849500,6427.030000,1.849600,5359.490000,1.849800,1583.370000,1.849900,7890.570000,1.850000,9641.500000
1759175628.5203214,177365902055,1.848600,3830.080000,1.848500,2757.210000,1.848400,486.990000,1.848300,522.670000,1.848200,4739.130000,1.848100,7700.950000,1.848000,14113.170000,1.847900,3495.820000,1.847800,2106.670000,1.847700,4490.040000,1.848700,840.690000,1.848800,78.370000,1.849200,39.110000,1.849300,244.050000,1.849400,287.510000,1.849500,6427.030000,1.849600,5359.490000,1.849800,1583.370000,1.849900,7890.570000,1.850000,9641.500000
1759175628.7804341,177365907848,1.848600,2522.620000,1.848500,2757.210000,1.848400,486.990000,1.848300,522.670000,1.848200,4739.130000,1.848100,7700.950000,1.848000,14113.170000,1.847900,4895.340000,1.847800,2106.670000,1.847700,3090.600000,1.848700,838.690000,1.848800,78.370000,1.849200,39.110000,1.849300,244.050000,1.849400,287.510000,1.849500,6507.180000,1.849600,5359.490000,1.849700,6964.130000,1.849800,2982.890000,1.849900,926.440000
1759175629.0334423,177365912147,1.848600,8833.780000,1.848500,2757.210000,1.848400,7522.860000,1.848300,4522.670000,1.848200,742.130000,1.848100,665.080000,1.848000,14113.170000,1.847900,5023.210000,1.847800,1978.750000,1.847700,3090.600000,1.848700,838.690000,1.848800,78.370000,1.849200,39.110000,1.849300,244.050000,1.849400,287.510000,1.849500,6507.130000,1.849600,5359.490000,1.849700,6964.130000,1.849800,2982.890000,1.849900,926.440000
1759175629.2967353,177365916439,1.848600,11529.680000,1.848500,2757.210000,1.848400,7522.860000,1.848300,4522.670000,1.848200,742.130000,1.848100,665.080000,1.848000,14113.170000,1.847900,5023.210000,1.847800,1978.750000,1.847700,3090.600000,1.848700,828.690000,1.848800,78.370000,1.849200,39.110000,1.849300,189.980000,1.849400,287.510000,1.849500,6507.130000,1.849600,5359.490000,1.849700,6964.130000,1.849800,2982.890000,1.849900,926.440000
1759175629.5912852,177365919904,1.848600,2413.220000,1.848500,2757.210000,1.848400,486.990000,1.848300,522.670000,1.848200,4742.130000,1.848100,7700.950000,1.848000,14113.170000,1.847900,5023.210000,1.847800,1978.750000,1.847700,3090.600000,1.848700,828.690000,1.848800,78.370000,1.849200,39.110000,1.849300,189.980000,1.849400,287.510000,1.849500,6507.130000,1.849600,5359.490000,1.849700,6964.130000,1.849800,2982.890000,1.849900,926.440000
1759175629.8542016,177365925096,1.848500,4552.450000,1.848400,486.990000,1.848300,1753.800000,1.848200,742.130000,1.848100,7450.330000,1.848000,14183.230000,1.847900,2320.070000,1.847800,262.290000,1.847700,3623.480000,1.847600,2206.260000,1.848600,1628.250000,1.848700,1208.440000,1.849100,119.920000,1.849200,180.400000,1.849300,315.500000,1.849400,270.350000,1.849500,13037.100000,1.849600,8062.650000,1.849800,3046.250000,1.849900,252.610000
1759175630.1146774,177365929538,1.848500,1350.670000,1.848400,486.990000,1.848300,1764.350000,1.848200,745.130000,1.848100,7450.330000,1.848000,18183.230000,1.847900,2320.070000,1.847800,262.290000,1.847700,3623.480000,1.847600,2206.260000,1.848600,1722.850000,1.848700,1081.840000,1.849100,282.160000,1.849200,5089.710000,1.849300,434.160000,1.849400,944.350000,1.849500,13037.100000,1.849600,8062.650000,1.849800,3046.250000,1.849900,252.610000
1759175630.4084902,177365934022,1.848500,1288.510000,1.848400,486.990000,1.848300,1764.350000,1.848200,745.130000,1.848100,7450.330000,1.848000,18183.230000,1.847900,2248.840000,1.847800,333.520000,1.847700,3623.480000,1.847600,2206.260000,1.848600,1754.850000,1.848700,1081.840000,1.849100,282.160000,1.849200,5089.710000,1.849300,434.160000,1.849400,944.350000,1.849500,13037.100000,1.849600,8062.650000,1.849800,3046.250000,1.849900,252.610000
1759175630.666084,177365938121,1.848500,31140.070000,1.848400,486.990000,1.848300,414.460000,1.848200,4745.130000,1.848100,592.640000,1.848000,14254.460000,1.847900,5365.010000,1.847800,1565.860000,1.847700,3038.070000,1.847600,902.690000,1.848600,1676.480000,1.848800,78.370000,1.849100,162.240000,1.849200,5018.480000,1.849300,119.920000,1.849400,1015.580000,1.849500,13471.260000,1.849600,5359.490000,1.849800,3160.470000,1.849900,252.610000
1759175630.9279163,177365941912,1.848500,990.870000,1.848400,486.990000,1.848300,1764.350000,1.848200,742.130000,1.848100,11450.330000,1.848000,14304.370000,1.847900,3648.430000,1.847800,1637.090000,1.847700,4814.070000,1.847600,902.690000,1.848600,1751.850000,1.849100,282.160000,1.849200,5089.710000,1.849300,434.160000,1.849400,10611.640000,1.849500,6072.970000,1.849600,7949.670000,1.849800,457.310000,1.849900,252.610000,1.850000,6269.060000
1759175631.2314026,177365946421,1.848500,573.140000,1.848400,486.990000,1.848300,1764.350000,1.848200,742.130000,1.848100,7450.330000,1.848000,14304.370000,1.847900,3648.430000,1.847800,1637.090000,1.847700,4814.070000,1.847600,902.690000,1.848600,1589.570000,1.849100,336.240000,1.849200,5089.710000,1.849300,434.160000,1.849400,10611.640000,1.849500,6072.970000,1.849600,7949.670000,1.849800,457.310000,1.849900,252.610000,1.850000,11831.060000
1759175631.4937928,177365950086,1.848500,524.180000,1.848400,486.990000,1.848300,1764.350000,1.848200,748.420000,1.848100,7450.330000,1.848000,18304.370000,1.847900,3648.430000,1.847800,1637.090000,1.847700,4814.070000,1.847600,902.690000,1.848600,1586.270000,1.849100,336.240000,1.849200,5089.710000,1.849300,434.160000,1.849400,10611.640000,1.849500,6072.970000,1.849600,7949.670000,1.849800,457.310000,1.849900,252.610000,1.850000,11831.060000
1759175631.7941244,177365955682,1.848400,360.850000,1.848300,1764.350000,1.848200,748.420000,1.848100,7450.330000,1.848000,18304.370000,1.847900,3648.430000,1.847800,1637.090000,1.847700,4814.070000,1.847600,902.690000,1.847500,6382.320000,1.848600,1586.270000,1.848800,35.870000,1.849100,432.320000,1.849200,5089.710000,1.849300,648.310000,1.849400,10611.640000,1.849500,6072.970000,1.849600,7949.670000,1.849800,457.310000,1.849900,252.610000
1759175632.1051407,177365961504,1.848400,7035.870000,1.848300,2324.560000,1.848200,1082.130000,1.848100,249.890000,1.848000,18304.370000,1.847900,3648.430000,1.847800,1637.090000,1.847700,4814.070000,1.847600,902.690000,1.847500,6382.320000,1.848600,1576.270000,1.848800,35.870000,1.849000,414.400000,1.849100,432.320000,1.849200,5089.710000,1.849300,2297.880000,1.849400,10611.640000,1.849500,6177.170000,1.849600,7949.670000,1.849700,4.050000
1759175632.3545537,177365966377,1.848500,24153.830000,1.848400,3034.400000,1.848200,5082.130000,1.848100,1709.670000,1.848000,15679.210000,1.847900,5259.330000,1.847800,262.290000,1.847700,1744.200000,1.847600,902.690000,1.847500,6382.320000,1.848600,1497.900000,1.848800,114.240000,1.849000,414.400000,1.849100,363.680000,1.849200,5018.480000,1.849300,593.740000,1.849400,7979.710000,1.849500,8060.650000,1.849600,8063.460000,1.849700,4.050000
1759175632.6549125,177365971777,1.848500,26621.230000,1.848200,5082.130000,1.848100,1709.670000,1.848000,15679.210000,1.847900,5259.330000,1.847800,262.290000,1.847700,1744.200000,1.847600,902.690000,1.847500,6382.320000,1.847400,3116.780000,1.848600,1475.030000,1.848800,114.240000,1.849000,414.400000,1.849100,363.680000,1.849200,5018.480000,1.849300,593.740000,1.849400,7979.710000,1.849500,8060.650000,1.849600,8063.460000,1.849700,4.050000
1759175632.9202101,177365975590,1.848500,23424.920000,1.848300,16.080000,1.848200,5082.130000,1.848100,1709.670000,1.848000,15579.520000,1.847900,5359.330000,1.847800,262.290000,1.847700,1744.200000,1.847600,902.690000,1.847500,6382.320000,1.848600,2232.810000,1.848800,114.240000,1.849000,414.400000,1.849100,363.680000,1.849200,5018.480000,1.849300,593.740000,1.849400,7979.710000,1.849500,8060.650000,1.849600,8063.460000,1.849700,4.050000
1759175633.210722,177365978402,1.848500,13994.690000,1.848300,7051.950000,1.848200,5082.130000,1.848100,1709.670000,1.848000,15579.520000,1.847900,5359.330000,1.847800,262.290000,1.847700,1744.200000,1.847600,902.690000,1.847500,6382.320000,1.848600,2133.120000,1.848800,114.240000,1.849000,414.400000,1.849100,363.680000,1.849200,5018.480000,1.849300,593.740000,1.849400,7979.710000,1.849500,8060.650000,1.849600,8063.460000,1.849700,4.050000
1759175633.5403068,177365986799,1.848200,1098.210000,1.848100,7285.760000,1.848000,14204.680000,1.847900,3749.240000,1.847800,1637.160000,1.847700,4814.070000,1.847600,902.690000,1.847500,6382.320000,1.847400,3116.780000,1.847300,6459.590000,1.848600,2211.490000,1.848800,35.870000,1.849000,414.400000,1.849100,543.020000,1.849200,12053.840000,1.849300,3698.280000,1.849400,9212.120000,1.849500,6177.170000,1.849600,7949.810000,1.849700,4.050000
1759175633.7871332,177365990979,1.848100,628.200000,1.848000,2685.180000,1.847900,1045.930000,1.847800,154.810000,1.847700,249.700000,1.847600,1010.940000,1.847500,14432.770000,1.847400,15547.160000,1.847300,2590.250000,1.847200,2689.070000,1.848500,1030.900000,1.848600,465.420000,1.848700,584.530000,1.848800,5484.990000,1.848900,3338.000000,1.849000,1718.080000,1.849100,7271.190000,1.849200,7538.820000,1.849300,414.400000,1.849400,944.350000
1759175634.0450447,177365995408,1.848100,506.310000,1.848000,1767.600000,1.847900,1045.930000,1.847800,154.810000,1.847700,705.260000,1.847600,5010.940000,1.847500,10590.060000,1.847400,15547.160000,1.847300,3507.830000,1.847200,2689.070000,1.848200,4639.790000,1.848400,54.100000,1.848500,1084.200000,1.848600,414.420000,1.848700,7548.660000,1.848800,11035.490000,1.848900,3283.910000,1.849000,1718.080000,1.849100,307.060000,1.849200,7538.820000
1759175634.4052353,177366001568,1.848100,479.110000,1.848000,1767.600000,1.847900,1045.930000,1.847800,154.810000,1.847700,705.260000,1.847600,5010.940000,1.847500,10590.060000,1.847400,15547.160000,1.847300,3507.830000,1.847200,2689.070000,1.848200,4660.590000,1.848400,54.100000,1.848500,1041.900000,1.848600,414.420000,1.848700,7548.660000,1.848800,11035.490000,1.848900,3287.130000,1.849000,1718.080000,1.849100,307.060000,1.849200,7538.820000
1759175634.7267396,177366005390,1.848100,430.150000,1.848000,1767.600000,1.847900,1045.930000,1.847800,154.810000,1.847700,705.260000,1.847600,5010.940000,1.847500,10590.060000,1.847400,15547.160000,1.847300,3507.830000,1.847200,2689.070000,1.848200,4693.090000,1.848400,54.100000,1.848500,1030.900000,1.848600,414.420000,1.848700,7548.660000,1.848800,11035.490000,1.848900,3287.130000,1.849000,1718.080000,1.849100,307.060000,1.849200,7538.820000
1759175635.1825454,177366009987,1.848100,402.950000,1.848000,1767.600000,1.847900,1045.930000,1.847800,154.810000,1.847700,705.260000,1.847600,5010.940000,1.847500,10590.060000,1.847400,15547.160000,1.847300,3507.830000,1.847200,2689.070000,1.848200,4693.090000,1.848400,54.100000,1.848500,1030.900000,1.848600,414.420000,1.848700,7548.660000,1.848800,11035.490000,1.848900,3287.130000,1.849000,1718.080000,1.849100,307.060000,1.849200,7538.820000
1759175635.5029066,177366020733,1.848100,26000.980000,1.848000,1767.600000,1.847900,1045.930000,1.847800,4154.810000,1.847700,2439.300000,1.847600,2388.110000,1.847500,3356.480000,1.847400,16762.990000,1.847300,1624.360000,1.847200,5703.260000,1.848200,4670.790000,1.848500,1030.900000,1.848600,522.600000,1.848700,335.130000,1.848800,10964.260000,1.848900,252.620000,1.849000,7449.760000,1.849100,3591.150000,1.849200,6254.360000,1.849300,414.400000
1759175635.7670522,177366024998,1.848100,26000.980000,1.848000,1767.600000,1.847900,1045.930000,1.847800,4154.810000,1.847700,2439.300000,1.847600,2388.110000,1.847500,3356.480000,1.847400,16762.990000,1.847300,1624.360000,1.847200,5703.260000,1.848200,4503.700000,1.848600,522.600000,1.848700,7299.260000,1.848800,10964.260000,1.848900,252.620000,1.849000,485.630000,1.849100,3591.150000,1.849200,6254.360000,1.849300,414.400000,1.849400,3372.880000
1759175636.0401373,177366029978,1.848100,26116.680000,1.848000,1767.600000,1.847900,1045.930000,1.847800,4154.810000,1.847700,2439.300000,1.847600,2388.110000,1.847500,3356.480000,1.847400,16762.990000,1.847300,1624.360000,1.847200,5703.260000,1.848200,4503.700000,1.848600,522.600000,1.848700,7299.260000,1.848800,10964.260000,1.848900,252.620000,1.849000,485.630000,1.849100,3591.150000,1.849200,6254.360000,1.849300,414.400000,1.849400,3372.880000
1759175636.500349,177366037596,1.848100,27602.070000,1.848000,1767.600000,1.847900,1963.510000,1.847800,4154.810000,1.847700,13494.770000,1.847600,2388.110000,1.847500,3356.480000,1.847400,5707.520000,1.847300,706.780000,1.847200,5703.260000,1.848200,4403.860000,1.848600,522.600000,1.848700,7299.260000,1.848800,10964.260000,1.848900,252.620000,1.849000,485.630000,1.849100,3591.150000,1.849200,6254.360000,1.849300,414.400000,1.849400,3372.880000
1759175637.1495545,177366047100,1.848100,27602.070000,1.848000,1767.600000,1.847900,1963.510000,1.847800,4154.810000,1.847700,13497.770000,1.847600,2388.110000,1.847500,3356.480000,1.847400,5707.520000,1.847300,706.780000,1.847200,5703.260000,1.848200,4400.560000,1.848600,522.600000,1.848700,7299.260000,1.848800,10964.260000,1.848900,252.620000,1.849000,485.630000,1.849100,3591.150000,1.849200,6254.360000,1.849300,414.400000,1.849400,3372.880000
1759175637.4150937,177366050939,1.848100,27602.070000,1.848000,1767.600000,1.847900,1963.510000,1.847800,4154.810000,1.847700,13497.770000,1.847600,2388.110000,1.847500,3356.480000,1.847400,5707.520000,1.847300,706.780000,1.847200,5703.260000,1.848200,3696.730000,1.848600,414.420000,1.848700,335.130000,1.848800,10964.260000,1.848900,7216.750000,1.849000,485.630000,1.849100,3591.150000,1.849200,6254.360000,1.849300,414.400000,1.849400,3372.880000
1759175637.745215,177366056574,1.848100,27551.110000,1.848000,1767.600000,1.847900,1963.510000,1.847800,4154.810000,1.847700,13497.770000,1.847600,2413.110000,1.847500,3356.480000,1.847400,5707.520000,1.847300,706.780000,1.847200,5703.260000,1.848200,3627.230000,1.848600,414.420000,1.848700,335.130000,1.848800,10964.260000,1.848900,7216.750000,1.849000,485.630000,1.849100,3591.150000,1.849200,6254.360000,1.849300,414.400000,1.849400,3372.880000
1759175638.0012648,177366058686,1.848100,27521.110000,1.848000,1767.600000,1.847900,1963.510000,1.847800,4154.810000,1.847700,13497.770000,1.847600,2388.110000,1.847500,3356.480000,1.847400,5707.520000,1.847300,706.780000,1.847200,5703.260000,1.848200,3627.230000,1.848600,414.420000,1.848700,335.130000,1.848800,10964.260000,1.848900,7216.750000,1.849000,485.630000,1.849100,3591.150000,1.849200,6254.360000,1.849300,414.400000,1.849400,3372.880000
1759175638.3010497,177366064460,1.848100,27358.820000,1.848000,1767.600000,1.847900,1963.510000,1.847800,4154.810000,1.847700,13497.770000,1.847600,2388.110000,1.847500,3356.480000,1.847400,5707.520000,1.847300,706.780000,1.847200,5703.260000,1.848200,3623.730000,1.848600,414.420000,1.848700,335.130000,1.848800,10964.260000,1.848900,7216.750000,1.849000,485.630000,1.849100,3591.150000,1.849200,6254.360000,1.849300,414.400000,1.849400,3372.880000
1759175638.5848465,177366072443,1.848500,14964.260000,1.848400,108.200000,1.848300,7035.870000,1.848200,1082.130000,1.848100,5997.110000,1.848000,3849.430000,1.847900,3340.510000,1.847800,2452.720000,1.847700,2626.580000,1.847600,902.690000,1.848700,118.770000,1.848800,450.360000,1.848900,3.220000,1.849000,414.400000,1.849100,255.980000,1.849200,5197.820000,1.849300,7449.760000,1.849400,9671.290000,1.849500,2747.090000,1.849600,16538.260000
1759175638.8397398,177366077301,1.848500,14858.610000,1.848400,108.200000,1.848300,7953.450000,1.848200,1082.130000,1.848100,16947.780000,1.848000,3849.430000,1.847900,2422.930000,1.847800,2452.720000,1.847700,2626.580000,1.847600,902.690000,1.848800,1542.140000,1.848900,3.220000,1.849000,414.400000,1.849100,374.750000,1.849200,5197.820000,1.849300,7449.760000,1.849400,8997.290000,1.849500,1824.280000,1.849600,5359.490000,1.849700,3268.390000
1759175639.098304,177366081164,1.848500,14879.610000,1.848400,108.200000,1.848300,7953.450000,1.848200,5082.130000,1.848100,12977.780000,1.848000,3849.440000,1.847900,2422.930000,1.847800,2452.720000,1.847700,2626.580000,1.847600,902.690000,1.848800,1574.140000,1.848900,3.220000,1.849000,414.400000,1.849100,374.750000,1.849200,5197.830000,1.849300,7449.760000,1.849400,8997.290000,1.849500,1824.280000,1.849600,5359.490000,1.849700,3268.390000
1759175639.3651316,177366084316,1.848500,14879.610000,1.848400,7444.070000,1.848300,4917.580000,1.848200,1082.130000,1.848100,12977.780000,1.848000,3849.440000,1.847900,2837.270000,1.847800,2452.720000,1.847700,2626.580000,1.847600,902.690000,1.848800,1585.140000,1.848900,303.220000,1.849000,414.400000,1.849100,374.750000,1.849200,5197.830000,1.849300,7449.760000,1.849400,8997.290000,1.849500,1824.280000,1.849600,5359.490000,1.849700,3268.390000
1759175639.8528686,177366092667,1.848500,14824.410000,1.848400,7444.070000,1.848300,4917.580000,1.848200,1082.130000,1.848100,12977.780000,1.848000,3849.440000,1.847900,2837.270000,1.847800,2452.720000,1.847700,2626.580000,1.847600,902.690000,1.848700,4236.830000,1.848800,1553.140000,1.848900,303.220000,1.849000,414.400000,1.849100,255.980000,1.849200,5197.830000,1.849300,7449.760000,1.849400,8997.290000,1.849500,1824.280000,1.849600,5359.490000
1759175640.1227055,177366096817,1.848500,14807.290000,1.848400,7444.070000,1.848300,4917.580000,1.848200,1082.130000,1.848100,12947.780000,1.848000,3849.440000,1.847900,2939.680000,1.847800,2350.150000,1.847700,2626.580000,1.847600,902.690000,1.848700,4279.830000,1.848800,1532.140000,1.848900,303.220000,1.849000,414.400000,1.849100,255.980000,1.849200,5197.830000,1.849300,7449.760000,1.849400,8894.720000,1.849500,1926.690000,1.849600,5359.490000
1759175640.5685403,177366104812,1.848500,10186.980000,1.848400,7444.070000,1.848300,917.580000,1.848200,4000.000000,1.848100,12947.780000,1.848000,3849.440000,1.847900,3138.370000,1.847800,916.170000,1.847700,2626.580000,1.847600,902.690000,1.848700,4279.830000,1.848800,1532.140000,1.848900,303.220000,1.849000,414.400000,1.849100,255.980000,1.849200,5197.830000,1.849300,7449.760000,1.849400,7460.740000,1.849500,2125.380000,1.849600,5359.490000
1759175640.8190694,177366110056,1.848500,10824.260000,1.848400,14133.300000,1.848300,3213.650000,1.848200,2590.150000,1.848100,2306.530000,1.848000,6676.910000,1.847900,7064.860000,1.847800,717.470000,1.847700,90.340000,1.847600,6464.690000,1.848700,42.000000,1.848800,35.870000,1.848900,303.220000,1.849100,39.660000,1.849200,39.110000,1.849300,414.400000,1.849400,108.140000,1.849500,572.580000,1.849600,5359.490000,1.849700,253.430000
1759175641.0797002,177366114200,1.848500,11372.470000,1.848400,14133.300000,1.848300,2295.900000,1.848200,2590.150000,1.848100,2306.530000,1.848000,6676.910000,1.847900,7064.860000,1.847800,717.470000,1.847700,90.340000,1.847600,6464.690000,1.848700,53.000000,1.848800,35.870000,1.848900,303.220000,1.849100,39.660000,1.849200,39.110000,1.849300,414.400000,1.849400,108.140000,1.849500,691.330000,1.849600,5359.490000,1.849700,253.430000
1759175641.333862,177366118660,1.848500,15364.770000,1.848400,14133.300000,1.848300,2295.900000,1.848200,2590.150000,1.848100,2306.530000,1.848000,6676.910000,1.847900,7064.860000,1.847800,717.470000,1.847700,90.340000,1.847600,6464.690000,1.848700,53.000000,1.848800,35.870000,1.848900,303.220000,1.849100,39.660000,1.849200,39.110000,1.849300,414.400000,1.849400,108.140000,1.849500,691.330000,1.849600,5359.490000,1.849700,253.430000
1759175641.6700919,177366125004,1.848800,5198.510000,1.848700,110.660000,1.848500,5913.970000,1.848400,372.530000,1.848300,614.260000,1.848200,104.200000,1.848100,3135.530000,1.848000,6676.910000,1.847900,2037.270000,1.847800,574.660000,1.849600,35.870000,1.849700,4.050000,1.849800,243.040000,1.849900,36.370000,1.850000,1356.770000,1.850100,16.050000,1.850300,139.690000,1.850400,210.250000,1.850500,881.900000,1.850600,6122.490000
1759175641.9212427,177366129467,1.849700,1130.720000,1.849600,532.390000,1.849500,73675.150000,1.849400,18262.210000,1.849200,739.280000,1.849100,413.750000,1.849000,5323.060000,1.848900,880.640000,1.848800,615.360000,1.848700,576.740000,1.850000,1356.770000,1.850300,139.690000,1.850400,48.130000,1.850500,359.680000,1.850700,175.070000,1.850800,213.980000,1.850900,817.230000,1.851000,646.190000,1.851100,5809.200000,1.851200,118.080000
1759175642.173852,177366133808,1.850600,20.000000,1.850500,5108.390000,1.850100,1323.110000,1.850000,452.980000,1.849900,14641.180000,1.849800,11055.470000,1.849700,1544.330000,1.849600,35.870000,1.849500,616.970000,1.849400,15937.650000,1.850700,175.070000,1.850800,35.870000,1.850900,817.230000,1.851000,500.130000,1.851100,5971.520000,1.851200,118.080000,1.851300,2157.300000,1.851400,7112.140000,1.851500,18808.660000,1.851600,1164.960000
1759175642.4237478,177366138421,1.850600,91103.610000,1.850500,4514.650000,1.850400,1662.800000,1.850300,11468.690000,1.850200,413.330000,1.850100,920.820000,1.850000,184.090000,1.849900,1718.790000,1.849800,4909.310000,1.849700,5975.610000,1.850700,175.070000,1.850800,35.870000,1.850900,598.350000,1.851000,284.130000,1.851100,72.890000,1.851200,118.080000,1.851300,256.390000,1.851400,238.810000,1.851500,854.900000,1.851600,491.180000
1759175642.6795182,177366143181,1.851000,9.400000,1.850900,3.240000,1.850800,953.450000,1.850700,110.570000,1.850600,7391.050000,1.850500,11550.220000,1.850400,5698.670000,1.850300,413.220000,1.850200,5322.640000,1.850100,6902.430000,1.851100,5964.010000,1.851300,256.390000,1.851400,76.780000,1.851500,120.320000,1.851600,491.180000,1.851700,915.420000,1.851800,602.350000,1.851900,1923.660000,1.852000,12161.320000,1.852100,5428.770000
1759175642.9286811,177366147190,1.851000,20.000000,1.850800,928.530000,1.850700,413.160000,1.850600,531.840000,1.850500,11692.640000,1.850400,1698.670000,1.850300,11449.090000,1.850200,5322.640000,1.850100,5607.830000,1.850000,3148.160000,1.851100,5969.610000,1.851300,256.390000,1.851400,239.100000,1.851500,120.320000,1.851600,491.180000,1.851700,915.420000,1.851800,830.650000,1.851900,1852.430000,1.852000,12161.320000,1.852100,5428.770000
1759175643.2076604,177366151380,1.851000,47.480000,1.850800,928.530000,1.850600,597.110000,1.850500,11692.640000,1.850400,8734.540000,1.850300,4413.220000,1.850200,5322.640000,1.850100,5607.830000,1.850000,3148.160000,1.849900,413.610000,1.851100,8276.420000,1.851200,3.240000,1.851300,251.390000,1.851400,239.100000,1.851500,120.320000,1.851600,491.180000,1.851700,915.420000,1.851800,830.650000,1.851900,1852.430000,1.852000,12161.320000
1759175643.4370372,177366155627,1.850900,83287.280000,1.850800,1754.030000,1.850600,4444.800000,1.850500,11468.690000,1.850400,35.870000,1.850300,413.220000,1.850200,5322.640000,1.850100,5607.830000,1.850000,296.770000,1.849900,413.610000,1.851000,40.800000,1.851100,42.300000,1.851200,39.110000,1.851300,32.510000,1.851400,76.780000,1.851500,120.320000,1.851600,507.170000,1.851700,915.420000,1.851800,216.000000,1.851900,1852.430000
1759175643.6851246,177366159887,1.851200,10736.030000,1.851100,3029.970000,1.851000,21.000000,1.850900,33.000000,1.850800,1789.900000,1.850700,4402.100000,1.850600,81.230000,1.850500,13131.490000,1.850400,35.870000,1.850300,413.220000,1.851300,0.520000,1.851400,76.780000,1.851500,12.300000,1.851600,710.060000,1.851700,502.300000,1.851800,231.970000,1.851900,1852.430000,1.852000,3315.510000,1.852100,5678.150000,1.852200,198.740000
1759175643.94099,177366164048,1.851300,10578.340000,1.851200,3115.980000,1.851000,129.050000,1.850900,7166.430000,1.850800,13258.410000,1.850700,4529.780000,1.850600,4993.780000,1.850500,1948.150000,1.850400,1434.770000,1.850300,413.220000,1.851400,8512.660000,1.851500,12.300000,1.851600,710.060000,1.851700,502.300000,1.851800,285.970000,1.851900,1852.430000,1.852000,9356.830000,1.852100,7488.960000,1.852200,326.420000,1.852300,931.480000
1759175644.2364423,177366168840,1.851300,12298.310000,1.851200,13.740000,1.851000,218.620000,1.850900,7143.930000,1.850800,13258.410000,1.850700,4402.100000,1.850600,4993.780000,1.850500,2075.830000,1.850400,35.870000,1.850300,413.220000,1.851400,9223.710000,1.851500,12.300000,1.851600,491.180000,1.851700,502.300000,1.851800,285.970000,1.851900,2101.810000,1.852000,9555.740000,1.852100,7182.580000,1.852200,127.510000,1.852300,1383.410000
1759175644.5031576,177366171372,1.851300,12820.230000,1.851200,3.240000,1.851000,218.620000,1.850900,7143.930000,1.850800,13258.410000,1.850700,4402.100000,1.850600,4993.780000,1.850500,2075.830000,1.850400,35.870000,1.850300,413.220000,1.851400,8692.810000,1.851500,12.300000,1.851600,491.180000,1.851700,502.300000,1.851800,285.970000,1.851900,2101.810000,1.852000,9555.740000,1.852100,7182.580000,1.852200,127.510000,1.852300,1383.410000
1759175644.982914,177366180107,1.851300,3684.390000,1.851200,3.240000,1.851000,218.620000,1.850900,7143.930000,1.850800,13258.410000,1.850700,4401.990000,1.850600,4993.780000,1.850500,2075.830000,1.850400,35.870000,1.850300,413.220000,1.851400,8665.800000,1.851500,12.300000,1.851600,491.180000,1.851700,502.300000,1.851800,285.970000,1.851900,2379.770000,1.852000,9555.740000,1.852100,7182.580000,1.852200,127.510000,1.852300,1383.410000
1759175645.421977,177366187320,1.851300,8341.010000,1.851200,3.240000,1.851000,218.620000,1.850900,7143.930000,1.850800,16177.800000,1.850700,401.990000,1.850600,4993.670000,1.850500,2075.830000,1.850400,35.870000,1.850300,413.220000,1.851400,8665.800000,1.851500,12.300000,1.851600,491.180000,1.851700,502.300000,1.851800,285.970000,1.851900,2379.770000,1.852000,9555.630000,1.852100,7182.580000,1.852200,127.510000,1.852300,1383.410000
1759175645.7938821,177366193389,1.851300,8292.050000,1.851200,3.240000,1.851000,218.620000,1.850900,7143.930000,1.850800,16177.800000,1.850700,401.990000,1.850600,4993.670000,1.850500,2075.830000,1.850400,35.870000,1.850300,413.220000,1.851400,8706.900000,1.851500,12.300000,1.851600,491.180000,1.851700,502.300000,1.851800,285.970000,1.851900,2379.770000,1.852000,9555.630000,1.852100,7182.580000,1.852200,127.510000,1.852300,1383.410000
1759175646.0654252,177366196148,1.851300,497.260000,1.851200,3.240000,1.851000,326.670000,1.850900,7035.870000,1.850800,16177.800000,1.850700,401.990000,1.850600,4993.670000,1.850500,2075.830000,1.850400,35.870000,1.850300,413.220000,1.851400,8716.900000,1.851500,12.300000,1.851600,491.180000,1.851700,502.300000,1.851800,285.970000,1.851900,2379.770000,1.852000,9555.630000,1.852100,7182.580000,1.852200,127.510000,1.852300,1383.410000
1759175646.3156655,177366200552,1.851300,88040.820000,1.851200,62.670000,1.851100,826.680000,1.851000,1773.180000,1.850900,413.000000,1.850800,448.910000,1.850700,1398.900000,1.850600,6374.460000,1.850500,1707.610000,1.850400,35.870000,1.851400,293.600000,1.851500,12.300000,1.851600,491.180000,1.851700,89.180000,1.851800,448.290000,1.851900,1658.250000,1.852000,2392.700000,1.852100,519.460000,1.852200,127.510000,1.852300,510.410000
1759175646.5801144,177366202848,1.851300,99096.290000,1.851200,62.670000,1.851100,826.680000,1.851000,1773.180000,1.850900,413.000000,1.850800,6053.500000,1.850700,1398.900000,1.850600,6374.460000,1.850500,1707.610000,1.850400,35.870000,1.851400,152.300000,1.851500,12.300000,1.851600,491.180000,1.851700,89.180000,1.851800,432.320000,1.851900,1674.220000,1.852000,2392.700000,1.852100,519.460000,1.852200,127.510000,1.852300,510.410000
1759175646.8298116,177366207442,1.851600,23252.080000,1.851500,1025.600000,1.851300,70843.780000,1.851200,4098.540000,1.851100,826.680000,1.851000,1773.180000,1.850900,413.000000,1.850800,6053.500000,1.850700,1398.900000,1.850600,6374.460000,1.851700,89.180000,1.851800,162.320000,1.851900,1674.220000,1.852000,2392.700000,1.852100,519.460000,1.852200,127.510000,1.852300,510.410000,1.852400,617.190000,1.852500,14997.870000,1.852600,17417.260000
1759175647.0826023,177366211719,1.851600,28528.510000,1.851500,1025.600000,1.851400,110.570000,1.851300,70823.480000,1.851200,4098.540000,1.851100,826.680000,1.851000,1662.610000,1.850900,413.000000,1.850800,6053.500000,1.850700,1398.900000,1.851700,1503.130000,1.851800,162.320000,1.851900,1674.220000,1.852000,2392.700000,1.852100,519.460000,1.852200,127.510000,1.852300,510.410000,1.852400,617.190000,1.852500,14997.870000,1.852600,17417.260000
1759175647.3335521,177366213740,1.851600,12363.990000,1.851500,917.580000,1.851400,7146.440000,1.851300,12157.400000,1.851200,4098.540000,1.851100,826.680000,1.851000,1662.610000,1.850900,413.000000,1.850800,6053.500000,1.850700,1398.900000,1.851700,3505.830000,1.851800,162.320000,1.851900,1674.220000,1.852000,2392.700000,1.852100,519.460000,1.852200,127.510000,1.852300,510.410000,1.852400,7581.320000,1.852500,8033.740000,1.852600,17417.260000
1759175647.6259549,177366217391,1.851600,12363.990000,1.851500,917.580000,1.851400,7146.440000,1.851300,12157.400000,1.851200,4298.540000,1.851100,826.680000,1.851000,1662.610000,1.850900,413.000000,1.850800,6053.500000,1.850700,1398.900000,1.851700,3443.780000,1.851800,162.320000,1.851900,1674.220000,1.852000,2392.700000,1.852100,519.460000,1.852200,127.510000,1.852300,510.410000,1.852400,7581.320000,1.852500,8033.740000,1.852600,17417.260000
1759175647.9060037,177366225555,1.851600,12363.990000,1.851500,917.580000,1.851400,7146.440000,1.851300,12157.400000,1.851200,4301.540000,1.851100,826.680000,1.851000,1662.610000,1.850900,413.000000,1.850800,6053.500000,1.850700,1398.900000,1.851700,2848.780000,1.851800,162.320000,1.851900,1674.220000,1.852000,2392.700000,1.852100,519.460000,1.852200,127.510000,1.852300,510.410000,1.852400,7581.320000,1.852500,8033.740000,1.852600,17417.260000
1759175648.3358352,177366233558,1.851600,126.600000,1.851400,110.570000,1.851300,237.670000,1.851200,242.110000,1.851100,12073.110000,1.851000,7143.920000,1.850900,4629.120000,1.850800,6153.070000,1.850700,401.990000,1.850600,6656.280000,1.851700,10148.300000,1.851900,1704.610000,1.852000,2463.820000,1.852100,2068.470000,1.852200,7312.710000,1.852300,510.410000,1.852400,89.850000,1.852500,6877.630000,1.852600,7320.890000,1.852700,3639.310000
1759175648.5903614,177366238577,1.851400,13157.680000,1.851300,21.610000,1.851200,7388.530000,1.851100,12073.110000,1.851000,108.050000,1.850900,629.120000,1.850800,10153.070000,1.850700,401.990000,1.850600,6656.280000,1.850500,431.330000,1.851500,5785.050000,1.851700,1242.400000,1.851800,351.840000,1.851900,2048.810000,1.852000,9427.950000,1.852100,7089.190000,1.852200,348.580000,1.852300,1506.440000,1.852400,10472.940000,1.852500,6877.630000
1759175648.8492613,177366241657,1.851400,2983.810000,1.851300,21.610000,1.851200,352.660000,1.851100,12073.110000,1.851000,7143.920000,1.850900,629.120000,1.850800,10153.070000,1.850700,401.990000,1.850600,6656.280000,1.850500,431.330000,1.851500,9121.610000,1.851700,1242.400000,1.851800,162.000000,1.851900,2238.650000,1.852000,9534.720000,1.852100,6981.720000,1.852200,348.580000,1.852300,1506.440000,1.852400,10472.940000,1.852500,6877.630000
1759175649.1033704,177366246885,1.851400,95744.550000,1.851300,4021.610000,1.851200,245.110000,1.851100,413.000000,1.851000,508.760000,1.850900,2146.730000,1.850800,6153.070000,1.850600,6321.370000,1.850500,1883.170000,1.850400,1339.210000,1.851500,106.300000,1.851800,162.000000,1.851900,1566.750000,1.852000,2555.020000,1.852100,519.460000,1.852200,284.580000,1.852300,830.800000,1.852400,1749.570000,1.852500,5700.030000,1.852600,7376.960000
1759175649.398151,177366252797,1.851900,17099.320000,1.851800,11083.990000,1.851700,4422.640000,1.851600,152.720000,1.851500,334.590000,1.851400,7971.080000,1.851300,2619.020000,1.851200,245.110000,1.851100,561.220000,1.851000,4909.310000,1.852000,2392.700000,1.852100,108.400000,1.852200,127.510000,1.852300,97.380000,1.852400,255.240000,1.852500,427.100000,1.852600,466.810000,1.852700,3962.340000,1.852800,579.030000,1.852900,8217.200000
1759175649.6493323,177366256641,1.851900,83858.330000,1.851800,11083.990000,1.851700,4422.640000,1.851600,814.890000,1.851500,292.190000,1.851400,7950.780000,1.851300,2619.020000,1.851200,245.110000,1.851100,561.220000,1.851000,4909.310000,1.852000,2392.700000,1.852100,108.400000,1.852200,127.510000,1.852300,97.380000,1.852400,255.240000,1.852500,427.100000,1.852600,520.790000,1.852700,2966.310000,1.852800,579.030000,1.852900,8217.200000
1759175649.927867,177366260108,1.851900,83006.930000,1.851800,11083.990000,1.851700,412.640000,1.851600,4850.760000,1.851500,292.190000,1.851400,7950.780000,1.851300,2619.020000,1.851200,245.110000,1.851100,561.220000,1.851000,4909.310000,1.852000,2362.450000,1.852100,108.400000,1.852200,127.510000,1.852300,97.380000,1.852400,255.240000,1.852500,427.100000,1.852600,520.790000,1.852700,2966.310000,1.852800,579.030000,1.852900,8217.200000
1759175650.221582,177366265652,1.851900,81016.930000,1.851800,11485.980000,1.851700,4704.830000,1.851600,3395.520000,1.851500,6907.850000,1.851400,6402.470000,1.851300,169.830000,1.851200,245.110000,1.851100,413.000000,1.851000,4909.310000,1.852000,2362.450000,1.852100,108.400000,1.852200,127.510000,1.852300,97.380000,1.852400,35.870000,1.852500,264.780000,1.852600,273.350000,1.852700,2966.310000,1.852800,51.690000,1.852900,1181.950000
1759175650.49255,177366271607,1.851900,92100.920000,1.851800,401.990000,1.851700,704.830000,1.851600,3395.520000,1.851500,6907.850000,1.851400,6402.470000,1.851300,169.830000,1.851200,45.110000,1.851100,413.000000,1.851000,10512.880000,1.852000,2295.770000,1.852100,108.400000,1.852200,127.510000,1.852300,97.380000,1.852400,35.870000,1.852500,264.780000,1.852600,273.350000,1.852700,2966.310000,1.852800,51.690000,1.852900,1181.950000
1759175650.757624,177366275456,1.851900,89637.070000,1.851800,401.990000,1.851700,823.370000,1.851600,7395.520000,1.851500,7107.850000,1.851400,6402.470000,1.851300,169.830000,1.851200,45.110000,1.851100,413.000000,1.851000,10732.210000,1.852000,1621.470000,1.852100,108.400000,1.852200,127.510000,1.852300,97.380000,1.852400,35.870000,1.852500,264.780000,1.852600,273.350000,1.852700,2966.310000,1.852800,51.690000,1.852900,1181.950000
1759175651.0100844,177366279898,1.852400,11743.080000,1.852200,107.980000,1.852100,16073.110000,1.852000,3345.170000,1.851900,484.690000,1.851800,6351.430000,1.851700,531.180000,1.851600,448.770000,1.851500,11366.590000,1.851400,5322.210000,1.852500,156.820000,1.852700,2966.310000,1.852800,51.690000,1.852900,769.280000,1.853000,643.680000,1.853100,268.530000,1.853200,474.180000,1.853300,60.050000,1.853400,229.180000,1.853500,2283.220000
1759175651.260122,177366283584,1.852400,88642.420000,1.852300,814.530000,1.852200,308.320000,1.852100,3052.380000,1.852000,6747.280000,1.851900,415.820000,1.851800,6203.210000,1.851700,412.640000,1.851600,448.770000,1.851500,11366.590000,1.852500,156.820000,1.852700,2966.310000,1.852800,51.690000,1.852900,769.280000,1.853000,643.680000,1.853100,268.530000,1.853200,474.180000,1.853300,60.050000,1.853400,283.130000,1.853500,2283.220000
1759175651.5125,177366288312,1.852700,11749.530000,1.852600,215.920000,1.852500,7262.350000,1.852400,58751.580000,1.852300,814.530000,1.852200,189.780000,1.852100,6063.260000,1.852000,2737.280000,1.851900,415.820000,1.851800,6351.430000,1.852800,48.690000,1.852900,769.280000,1.853000,643.680000,1.853100,160.610000,1.853200,474.180000,1.853300,60.050000,1.853400,498.930000,1.853500,1287.190000,1.853600,729.070000,1.853700,2830.430000
1759175651.7685633,177366292716,1.852900,3024.130000,1.852800,215.880000,1.852700,8813.920000,1.852600,215.920000,1.852500,7262.350000,1.852400,12108.980000,1.852300,814.340000,1.852200,71.120000,1.852100,6185.150000,1.852000,2736.410000,1.853000,643.680000,1.853100,160.610000,1.853200,636.500000,1.853300,60.050000,1.853400,498.930000,1.853500,1009.120000,1.853600,729.070000,1.853700,2830.430000,1.853800,15124.790000,1.853900,15811.390000
1759175652.062362,177366297569,1.852900,3086.730000,1.852800,118.500000,1.852700,54.000000,1.852600,665.670000,1.852500,107.960000,1.852400,11119.860000,1.852300,7850.210000,1.852200,71.120000,1.852100,6185.150000,1.852000,2736.410000,1.853000,643.680000,1.853100,160.610000,1.853200,636.500000,1.853300,60.050000,1.853400,498.930000,1.853500,1009.120000,1.853600,729.070000,1.853700,2830.430000,1.853800,15124.790000,1.853900,15811.390000
1759175652.316726,177366301876,1.852900,7885.630000,1.852700,8035.990000,1.852600,11083.990000,1.852500,226.460000,1.852400,359.780000,1.852300,814.340000,1.852200,9304.370000,1.852100,2185.150000,1.852000,2997.310000,1.851900,415.820000,1.853000,14304.030000,1.853100,160.610000,1.853200,636.500000,1.853300,60.050000,1.853400,498.930000,1.853500,1287.190000,1.853600,729.070000,1.853700,9794.560000,1.853800,8160.660000,1.853900,15811.390000
1759175652.6247954,177366306345,1.853000,71388.270000,1.852900,483.810000,1.852800,11273.600000,1.852700,6181.620000,1.852600,2700.100000,1.852500,412.240000,1.852400,1477.290000,1.852300,412.350000,1.852200,10513.900000,1.852100,415.770000,1.853100,167.110000,1.853200,61.560000,1.853300,6.090000,1.853400,498.930000,1.853500,347.410000,1.853600,769.360000,1.853700,537.270000,1.853800,5929.110000,1.853900,12392.430000,1.854000,35449.330000
1759175652.8281436,177366310543,1.853000,78593.670000,1.852900,780.330000,1.852800,11273.600000,1.852700,6181.620000,1.852600,2700.100000,1.852500,412.240000,1.852400,1477.290000,1.852300,412.350000,1.852200,10513.900000,1.852100,415.770000,1.853100,0.680000,1.853200,61.560000,1.853300,6.090000,1.853400,498.930000,1.853500,347.410000,1.853600,769.360000,1.853700,537.270000,1.853800,5929.110000,1.853900,7483.120000,1.854000,35449.330000
1759175653.0808659,177366314426,1.853100,4241.090000,1.853000,1053.620000,1.852900,7805.200000,1.852800,11273.600000,1.852700,6181.620000,1.852600,2700.100000,1.852500,412.240000,1.852400,1477.290000,1.852300,412.350000,1.852200,10513.900000,1.853200,59.040000,1.853300,6.090000,1.853400,498.930000,1.853500,347.410000,1.853600,769.360000,1.853700,537.270000,1.853800,5929.110000,1.853900,7483.120000,1.854000,35449.330000,1.854100,3020.140000
1759175653.337905,177366318931,1.853100,71189.520000,1.853000,1129.550000,1.852900,7805.200000,1.852800,11155.110000,1.852700,6181.620000,1.852600,2700.100000,1.852500,412.240000,1.852400,1477.290000,1.852300,412.350000,1.852200,10513.900000,1.853200,59.040000,1.853300,6.090000,1.853400,498.930000,1.853500,347.410000,1.853600,769.360000,1.853700,537.270000,1.853800,5929.110000,1.853900,7483.120000,1.854000,35449.330000,1.854100,3020.140000
1759175653.5941176,177366322521,1.853100,78258.390000,1.853000,1097.050000,1.852900,769.330000,1.852800,71.120000,1.852700,6181.620000,1.852600,2700.100000,1.852500,412.240000,1.852400,1477.290000,1.852300,412.350000,1.852200,10513.900000,1.853200,59.040000,1.853300,6.090000,1.853400,229.180000,1.853500,401.360000,1.853600,769.360000,1.853700,699.120000,1.853800,5929.110000,1.853900,7483.120000,1.854000,35449.330000,1.854100,3020.140000
1759175653.8570304,177366325811,1.853100,77729.040000,1.853000,12073.110000,1.852900,661.390000,1.852800,189.600000,1.852700,6181.620000,1.852600,2700.100000,1.852500,412.240000,1.852400,1477.290000,1.852300,412.350000,1.852200,10513.900000,1.853200,41.380000,1.853300,6.090000,1.853400,229.180000,1.853500,401.360000,1.853600,769.360000,1.853700,699.120000,1.853800,5929.110000,1.853900,7483.120000,1.854000,35449.330000,1.854100,3020.140000
1759175654.1299224,177366331775,1.853600,25.000000,1.853500,107.900000,1.853400,8709.320000,1.853200,143.790000,1.853100,683.600000,1.853000,4000.000000,1.852900,601.960000,1.852800,5428.290000,1.852700,2293.030000,1.852600,2700.100000,1.853800,119.370000,1.853900,7483.120000,1.854000,35449.330000,1.854100,2023.950000,1.854200,1791.900000,1.854300,7378.180000,1.854400,461.020000,1.854500,1961.740000,1.854600,19070.310000,1.854700,8251.960000
1759175654.3786626,177366335918,1.853600,3142.880000,1.853500,128.460000,1.853400,7143.780000,1.853300,12073.110000,1.853200,143.790000,1.853100,1119.950000,1.853000,4238.320000,1.852900,2482.750000,1.852800,6542.340000,1.852700,412.240000,1.853700,14231.470000,1.853900,106.620000,1.854000,35568.700000,1.854100,1496.770000,1.854200,1720.780000,1.854300,14648.420000,1.854400,532.140000,1.854500,1781.230000,1.854600,19070.310000,1.854700,8355.920000
1759175654.6271946,177366339166,1.853600,4684.800000,1.853500,226.360000,1.853400,7143.780000,1.853300,12073.110000,1.853200,143.790000,1.853100,1119.950000,1.853000,307.930000,1.852900,4601.960000,1.852800,5428.290000,1.852700,2293.030000,1.853700,14231.470000,1.853800,119.370000,1.853900,106.620000,1.854000,35449.330000,1.854100,1745.880000,1.854200,1791.900000,1.854300,14342.310000,1.854400,461.020000,1.854500,2957.320000,1.854600,19070.310000
1759175654.8965907,177366342607,1.853600,4684.800000,1.853500,226.360000,1.853400,7143.780000,1.853300,12073.110000,1.853200,143.790000,1.853100,1119.950000,1.853000,307.930000,1.852900,4601.960000,1.852800,5428.290000,1.852700,2292.770000,1.853700,14337.770000,1.853800,144.370000,1.853900,106.620000,1.854000,35449.330000,1.854100,1745.880000,1.854200,1791.900000,1.854300,14342.050000,1.854400,461.020000,1.854500,2957.320000,1.854600,19070.310000
1759175655.2445588,177366347747,1.853500,118.460000,1.853400,107.910000,1.853300,989.120000,1.853200,143.790000,1.853100,1119.950000,1.853000,307.930000,1.852900,4412.120000,1.852800,5428.290000,1.852700,2292.770000,1.852600,2699.650000,1.853700,14335.770000,1.853800,144.370000,1.853900,106.620000,1.854000,35449.330000,1.854100,2023.950000,1.854200,1791.900000,1.854300,12682.330000,1.854400,461.020000,1.854500,1961.290000,1.854600,8687.220000
1759175655.460834,177366351668,1.853400,1079.090000,1.853300,989.120000,1.853200,251.710000,1.853100,1346.340000,1.853000,11577.550000,1.852900,7447.990000,1.852800,4518.980000,1.852700,2283.920000,1.852600,1595.350000,1.852500,412.240000,1.853600,14656.580000,1.853700,22.500000,1.853800,144.370000,1.853900,7178.630000,1.854000,35449.330000,1.854100,3683.470000,1.854200,1910.260000,1.854300,6579.680000,1.854400,12205.270000,1.854500,1961.290000
1759175655.7384603,177366355827,1.853500,123.000000,1.853200,35.870000,1.853100,934.320000,1.853000,12525.910000,1.852900,412.120000,1.852800,235.870000,1.852700,4482.190000,1.852600,283.110000,1.852500,7896.120000,1.852400,1631.300000,1.853600,15909.930000,1.853800,7118.350000,1.853900,5509.210000,1.854000,35669.840000,1.854100,1608.180000,1.854200,3022.920000,1.854300,7874.770000,1.854400,461.020000,1.854500,1856.980000,1.854600,7384.730000
1759175655.9891794,177366359617,1.853200,1115.080000,1.853100,934.320000,1.853000,12525.910000,1.852900,455.300000,1.852800,7271.740000,1.852700,4601.780000,1.852600,283.110000,1.852500,2091.030000,1.852400,1631.300000,1.852300,412.350000,1.853500,210.770000,1.853600,15877.930000,1.853700,6964.130000,1.853800,273.810000,1.853900,7152.180000,1.854000,35669.840000,1.854100,2588.320000,1.854200,13465.100000,1.854300,6894.630000,1.854400,461.020000
1759175656.2671325,177366364534,1.853200,10.000000,1.853100,600.000000,1.853000,239.490000,1.852900,161.650000,1.852800,235.870000,1.852700,412.240000,1.852600,323.880000,1.852500,4412.240000,1.852400,720.320000,1.852300,7627.310000,1.853300,17809.130000,1.853500,232.770000,1.853600,8327.790000,1.853700,761.450000,1.853800,453.020000,1.853900,12651.140000,1.854000,38149.140000,1.854100,2476.910000,1.854200,3686.150000,1.854300,5497.390000
1759175656.5187936,177366367896,1.853200,10.000000,1.853100,600.000000,1.853000,200.000000,1.852900,43.180000,1.852800,383.300000,1.852700,746.620000,1.852600,19577.730000,1.852500,4412.240000,1.852400,608.590000,1.852300,591.440000,1.853300,17842.130000,1.853500,222.270000,1.853600,8327.790000,1.853700,761.450000,1.853800,11875.340000,1.853900,12651.140000,1.854000,38149.140000,1.854100,1496.770000,1.854200,3686.150000,1.854300,5497.390000
1759175656.7725658,177366372725,1.853100,399.000000,1.853000,200.000000,1.852900,43.180000,1.852800,275.360000,1.852700,442.330000,1.852600,12217.980000,1.852500,7448.110000,1.852400,4608.590000,1.852300,591.440000,1.852200,7586.090000,1.853200,16148.960000,1.853300,183.170000,1.853400,53.950000,1.853500,5241.330000,1.853600,1363.660000,1.853700,8785.060000,1.853800,11875.340000,1.853900,11313.590000,1.854000,38149.140000,1.854100,1496.770000
1759175657.0265436,177366376522,1.853100,274.390000,1.853000,200.000000,1.852900,43.180000,1.852800,275.360000,1.852700,442.330000,1.852600,19453.850000,1.852500,4412.240000,1.852400,608.590000,1.852300,591.440000,1.852200,7586.090000,1.853200,17625.260000,1.853300,7095.000000,1.853400,53.950000,1.853500,5241.190000,1.853600,1363.660000,1.853700,1820.930000,1.853800,11875.340000,1.853900,11313.590000,1.854000,38149.140000,1.854100,1496.770000
1759175657.2888582,177366380913,1.853100,230.870000,1.853000,200.000000,1.852900,43.180000,1.852800,275.360000,1.852700,442.330000,1.852600,19453.850000,1.852500,4412.240000,1.852400,608.590000,1.852300,591.440000,1.852200,7586.090000,1.853200,17647.760000,1.853300,7083.500000,1.853400,53.950000,1.853500,5241.190000,1.853600,1363.660000,1.853700,1820.930000,1.853800,11875.340000,1.853900,11313.590000,1.854000,38149.140000,1.854100,1496.770000
1759175657.5747466,177366385767,1.852800,235.870000,1.852600,200.000000,1.852500,783.960000,1.852400,7435.140000,1.852300,16738.300000,1.852200,5708.790000,1.852100,524.170000,1.852000,545.580000,1.851900,486.940000,1.851800,6786.610000,1.853200,14970.390000,1.853300,7567.040000,1.853400,1819.520000,1.853500,16798.000000,1.853600,2512.390000,1.853700,2387.020000,1.853800,1318.130000,1.853900,11313.590000,1.854000,36739.990000,1.854100,1496.770000
1759175657.8362823,177366389649,1.852800,2973.770000,1.852600,1246.860000,1.852500,442.370000,1.852400,7435.140000,1.852300,16738.300000,1.852200,5708.790000,1.852100,524.170000,1.852000,545.580000,1.851900,486.940000,1.851800,6786.610000,1.852900,14295.650000,1.853100,53.960000,1.853200,315.980000,1.853300,7621.000000,1.853400,1819.520000,1.853500,16798.000000,1.853600,1433.410000,1.853700,2387.020000,1.853800,1318.130000,1.853900,11259.650000
1759175658.0870047,177366392452,1.852800,2973.770000,1.852600,1079.560000,1.852500,442.370000,1.852400,7435.140000,1.852300,16738.300000,1.852200,5708.790000,1.852100,524.170000,1.852000,702.520000,1.851900,486.940000,1.851800,6786.610000,1.852900,14202.650000,1.853100,57.190000,1.853200,284.680000,1.853300,7621.000000,1.853400,1819.520000,1.853500,16798.000000,1.853600,1433.410000,1.853700,2387.020000,1.853800,1318.130000,1.853900,11259.650000
1759175658.4190116,177366394697,1.852800,2962.770000,1.852600,1079.560000,1.852500,442.370000,1.852400,7435.140000,1.852300,16738.300000,1.852200,5708.790000,1.852100,524.170000,1.852000,702.520000,1.851900,486.940000,1.851800,6786.610000,1.852900,14202.650000,1.853100,57.190000,1.853200,284.680000,1.853300,7621.000000,1.853400,1819.520000,1.853500,16798.000000,1.853600,1433.410000,1.853700,2987.020000,1.853800,1318.130000,1.853900,11259.650000
1759175658.735019,177366398303,1.852800,2973.770000,1.852700,3.000000,1.852600,1079.560000,1.852500,442.370000,1.852400,7435.140000,1.852300,16738.300000,1.852200,5708.790000,1.852100,524.170000,1.852000,702.520000,1.851900,486.940000,1.852900,14202.650000,1.853100,57.190000,1.853200,284.680000,1.853300,7621.000000,1.853400,1819.520000,1.853500,16798.000000,1.853600,1433.410000,1.853700,2987.020000,1.853800,1318.130000,1.853900,11259.650000
1759175659.0684805,177366406295,1.852800,11.000000,1.852700,3.000000,1.852600,1079.560000,1.852500,442.370000,1.852400,7435.140000,1.852300,16738.300000,1.852200,5708.790000,1.852100,524.170000,1.852000,702.520000,1.851900,486.940000,1.852900,17224.970000,1.853100,57.190000,1.853200,284.680000,1.853300,7621.000000,1.853400,1819.450000,1.853500,16971.000000,1.853600,1433.410000,1.853700,2987.020000,1.853800,1318.130000,1.853900,11259.650000
1759175659.3435795,177366410219,1.852600,871.760000,1.852500,442.370000,1.852400,7435.140000,1.852300,16738.300000,1.852200,5708.790000,1.852100,524.170000,1.852000,702.520000,1.851900,486.940000,1.851800,6786.540000,1.851700,3139.730000,1.852800,200.000000,1.852900,14213.650000,1.853100,57.190000,1.853200,284.680000,1.853300,7621.000000,1.853400,1819.450000,1.853500,16971.000000,1.853600,1433.410000,1.853700,2987.020000,1.853800,1318.130000
1759175659.6198459,177366415084,1.852600,4943.120000,1.852500,53.980000,1.852400,7391.790000,1.852300,16630.330000,1.852200,5708.790000,1.852100,524.170000,1.852000,702.520000,1.851900,486.940000,1.851800,6786.540000,1.851700,3139.730000,1.852700,14087.050000,1.852800,296.970000,1.852900,11.000000,1.853100,3.230000,1.853200,475.220000,1.853300,7716.260000,1.853400,8783.580000,1.853500,16971.000000,1.853600,1433.410000,1.853700,2987.020000
1759175659.9411187,177366419008,1.852600,4922.620000,1.852500,70.070000,1.852400,7391.790000,1.852300,12630.330000,1.852200,9708.790000,1.852100,524.170000,1.852000,702.480000,1.851900,486.940000,1.851800,6786.540000,1.851700,3139.730000,1.852700,14109.550000,1.852800,277.670000,1.853100,3.230000,1.853200,475.180000,1.853300,7826.680000,1.853400,1819.450000,1.853500,16971.000000,1.853600,1433.410000,1.853700,2987.020000,1.853800,1318.130000
1759175660.1194062,177366422262,1.852600,5116.120000,1.852500,70.070000,1.852400,7394.790000,1.852300,12630.330000,1.852200,9708.790000,1.852100,524.170000,1.852000,902.480000,1.851900,486.940000,1.851800,6786.540000,1.851700,3139.730000,1.852700,14171.650000,1.852800,47.370000,1.853100,3.230000,1.853200,475.180000,1.853300,7826.680000,1.853400,1819.450000,1.853500,16971.000000,1.853600,1433.410000,1.853700,2987.020000,1.853800,1518.130000
1759175660.376993,177366428103,1.852200,288.000000,1.852100,5690.810000,1.852000,1616.170000,1.851900,951.590000,1.851800,162.000000,1.851700,11296.750000,1.851600,588.130000,1.851500,167.290000,1.851400,960.890000,1.851300,465.370000,1.852600,5275.300000,1.852700,2010.600000,1.852800,35.870000,1.852900,11942.830000,1.853000,7215.860000,1.853100,13628.020000,1.853200,35.870000,1.853300,672.060000,1.853400,162.350000,1.853500,5551.900000
1759175660.6259575,177366432706,1.852200,3428.240000,1.852000,1616.170000,1.851900,1059.590000,1.851800,11162.000000,1.851700,11296.750000,1.851600,588.130000,1.851500,167.290000,1.851400,960.890000,1.851300,465.370000,1.851200,1558.020000,1.852300,4555.930000,1.852500,118.520000,1.852600,5776.060000,1.852700,2175.770000,1.852800,7106.960000,1.852900,13600.390000,1.853000,215.860000,1.853100,6628.020000,1.853200,5640.460000,1.853300,561.640000
1759175660.8813796,177366436854,1.852200,87030.570000,1.852000,1576.680000,1.851900,111.230000,1.851800,574.640000,1.851700,27.130000,1.851600,588.130000,1.851500,108.020000,1.851400,543.360000,1.851300,6804.640000,1.851200,118.320000,1.852300,65.000000,1.852500,118.520000,1.852600,365.990000,1.852800,143.810000,1.852900,412.570000,1.853000,431.720000,1.853100,12325.110000,1.853200,10751.480000,1.853300,1446.520000,1.853400,162.350000
1759175661.1314635,177366441043,1.852600,107.960000,1.852400,155.340000,1.852300,7255.430000,1.852200,12692.080000,1.852100,4000.000000,1.852000,2594.920000,1.851900,3.230000,1.851800,2360.960000,1.851700,27.130000,1.851600,588.130000,1.852700,18739.160000,1.852900,1079.380000,1.853000,210.830000,1.853100,5325.110000,1.853200,558.070000,1.853300,8517.610000,1.853400,8927.850000,1.853500,15994.080000,1.853600,140.070000,1.853700,1012.260000
1759175661.390837,177366446722,1.852600,107.960000,1.852500,78508.870000,1.852400,79.170000,1.852300,818.150000,1.852200,493.590000,1.852100,293.710000,1.852000,2189.210000,1.851900,3.230000,1.851800,1810.670000,1.851700,27.130000,1.853000,156.860000,1.853100,3.230000,1.853200,89.830000,1.853300,53.960000,1.853400,7162.350000,1.853500,5899.290000,1.853600,211.160000,1.853700,2592.270000,1.853800,8205.140000,1.853900,5601.120000
1759175661.6327171,177366451367,1.852900,7076.540000,1.852800,23.530000,1.852700,39.490000,1.852600,7107.960000,1.852500,12640.520000,1.852400,4046.870000,1.852300,818.150000,1.852200,483.590000,1.852100,1877.230000,1.852000,7793.800000,1.853000,42.300000,1.853100,3022.450000,1.853200,1015.300000,1.853300,118.470000,1.853400,324.200000,1.853500,6020.150000,1.853600,211.160000,1.853700,11175.790000,1.853800,11647.320000,1.853900,5601.120000
1759175661.8977587,177366455477,1.852900,3186.420000,1.852800,45.030000,1.852700,93.470000,1.852600,7111.190000,1.852500,12630.520000,1.852400,4035.870000,1.852300,818.150000,1.852200,483.590000,1.852100,1877.230000,1.852000,7793.800000,1.853000,3021.630000,1.853200,1015.300000,1.853400,324.200000,1.853500,6020.150000,1.853600,211.160000,1.853700,11175.790000,1.853800,11647.320000,1.853900,5601.120000,1.854000,41053.920000,1.854100,2169.330000
1759175662.1499968,177366459767,1.852900,3165.900000,1.852800,3.230000,1.852700,93.470000,1.852600,7107.960000,1.852500,16630.520000,1.852400,35.870000,1.852300,818.150000,1.852200,483.590000,1.852100,1877.230000,1.852000,7793.800000,1.853000,3016.240000,1.853200,1015.300000,1.853400,442.680000,1.853500,6020.150000,1.853600,411.160000,1.853700,11175.790000,1.853800,11647.320000,1.853900,5601.120000,1.854000,41053.920000,1.854100,2169.330000
1759175662.4242077,177366463432,1.852900,3180.630000,1.852800,3.230000,1.852700,93.470000,1.852600,7107.960000,1.852500,16630.520000,1.852400,35.870000,1.852300,818.150000,1.852200,483.590000,1.852100,1877.230000,1.852000,6513.890000,1.853000,18795.610000,1.853200,1015.300000,1.853400,442.680000,1.853500,6020.150000,1.853600,7411.160000,1.853700,4175.790000,1.853800,11647.320000,1.853900,5601.120000,1.854000,41053.920000,1.854100,2169.330000
1759175662.8424752,177366470499,1.852900,2707.910000,1.852800,3.230000,1.852700,139.060000,1.852600,7107.960000,1.852500,16630.520000,1.852400,35.870000,1.852300,818.150000,1.852200,483.590000,1.852100,1976.910000,1.852000,6513.890000,1.853000,18795.610000,1.853200,1015.300000,1.853400,442.680000,1.853500,6020.150000,1.853600,7411.160000,1.853700,4175.790000,1.853800,11647.320000,1.853900,5601.120000,1.854000,41053.920000,1.854100,2169.330000
1759175663.1810944,177366473944,1.852900,2400.740000,1.852800,3.230000,1.852700,139.060000,1.852600,7107.960000,1.852500,16630.520000,1.852400,35.870000,1.852300,818.150000,1.852200,483.590000,1.852100,1976.910000,1.852000,6313.890000,1.853000,18795.610000,1.853200,1015.300000,1.853400,442.680000,1.853500,6020.150000,1.853600,7211.160000,1.853700,4175.790000,1.853800,11447.320000,1.853900,5601.120000,1.854000,41053.920000,1.854100,2169.330000
1759175663.440039,177366478355,1.852900,2323.140000,1.852800,3.230000,1.852700,139.060000,1.852600,7107.960000,1.852500,16870.520000,1.852400,35.870000,1.852300,818.150000,1.852200,483.590000,1.852100,1976.910000,1.852000,6313.890000,1.853000,18795.610000,1.853200,1015.300000,1.853400,442.680000,1.853500,6020.150000,1.853600,7411.160000,1.853700,4375.790000,1.853800,11447.320000,1.853900,5601.120000,1.854000,41053.920000,1.854100,2169.330000
1759175663.6936378,177366483399,1.852900,8026.210000,1.852800,3.230000,1.852700,139.060000,1.852600,11107.960000,1.852500,1600.900000,1.852400,35.870000,1.852300,818.150000,1.852200,483.590000,1.852100,9586.930000,1.852000,6313.890000,1.853200,35.870000,1.853400,226.880000,1.853500,1110.840000,1.853600,525.860000,1.853700,9978.220000,1.853800,11447.320000,1.853900,5601.120000,1.854000,42451.610000,1.854100,3471.890000,1.854200,4305.140000
1759175663.9478877,177366488444,1.853100,75341.480000,1.853000,466.150000,1.852900,1133.610000,1.852800,408.940000,1.852700,582.930000,1.852600,1877.690000,1.852500,2050.080000,1.852400,35.870000,1.852300,4447.230000,1.852200,412.500000,1.853200,35.870000,1.853400,108.400000,1.853500,176.220000,1.853600,397.420000,1.853700,918.470000,1.853800,139.680000,1.853900,7691.810000,1.854000,41302.690000,1.854100,12010.040000,1.854200,3486.740000
1759175664.2268608,177366492740,1.853300,53.960000,1.853200,7039.490000,1.853100,77070.060000,1.853000,412.180000,1.852900,5079.380000,1.852800,444.810000,1.852700,582.930000,1.852600,1877.690000,1.852500,2050.080000,1.852400,35.870000,1.853400,108.400000,1.853500,176.220000,1.853600,340.070000,1.853700,800.000000,1.853800,372.830000,1.853900,7691.810000,1.854000,41302.690000,1.854100,1567.860000,1.854200,3486.740000,1.854300,7780.020000
1759175664.4552763,177366496684,1.853300,79.660000,1.853200,7039.490000,1.853100,70927.670000,1.853000,412.180000,1.852900,5079.380000,1.852800,444.810000,1.852700,582.930000,1.852600,1877.690000,1.852500,2050.080000,1.852400,35.870000,1.853400,108.400000,1.853500,176.220000,1.853600,340.070000,1.853700,600.000000,1.853800,372.830000,1.853900,7691.810000,1.854000,41302.690000,1.854100,1567.860000,1.854200,3486.740000,1.854300,7780.020000
1759175664.7177708,177366500933,1.853400,2801.900000,1.853300,23.230000,1.853200,93.450000,1.853100,12401.980000,1.853000,7412.180000,1.852900,1079.380000,1.852800,4444.810000,1.852700,582.930000,1.852600,1877.690000,1.852500,2050.080000,1.853500,19415.120000,1.853600,340.070000,1.853700,600.000000,1.853800,372.830000,1.853900,7691.810000,1.854000,41576.120000,1.854100,1567.860000,1.854200,13928.920000,1.854300,7780.020000,1.854400,2530.940000
1759175664.97496,177366504762,1.853400,2664.200000,1.853300,3.230000,1.853200,93.450000,1.853100,12390.980000,1.853000,7412.180000,1.852900,1079.380000,1.852800,4644.810000,1.852700,582.930000,1.852600,1877.690000,1.852500,2050.080000,1.853500,19415.120000,1.853600,340.070000,1.853700,600.000000,1.853800,372.830000,1.853900,7691.810000,1.854000,41576.120000,1.854100,1567.860000,1.854200,13928.920000,1.854300,7780.020000,1.854400,2530.940000
1759175665.3059676,177366509230,1.853400,2448.040000,1.853300,3.230000,1.853200,93.450000,1.853100,12390.980000,1.853000,7412.180000,1.852900,5079.380000,1.852800,644.810000,1.852700,582.930000,1.852600,1877.690000,1.852500,2050.080000,1.853500,19253.220000,1.853600,340.070000,1.853700,600.000000,1.853800,372.830000,1.853900,7691.810000,1.854000,41576.120000,1.854100,1567.860000,1.854200,13928.920000,1.854300,7780.020000,1.854400,2530.940000
1759175665.8667808,177366519430,1.853400,1998.190000,1.853300,3.230000,1.853200,93.450000,1.853100,12390.980000,1.853000,7412.180000,1.852900,4000.000000,1.852800,644.810000,1.852700,582.930000,1.852600,1877.690000,1.852500,2050.080000,1.853500,18553.670000,1.853600,340.070000,1.853700,600.000000,1.853800,372.830000,1.853900,7691.810000,1.854000,41576.120000,1.854100,1567.860000,1.854200,13928.920000,1.854300,7780.020000,1.854400,2530.940000
1759175666.2741487,177366525893,1.853400,1798.190000,1.853300,3.230000,1.853200,93.450000,1.853100,12390.980000,1.853000,7412.180000,1.852900,4000.000000,1.852800,844.810000,1.852700,582.930000,1.852600,1877.690000,1.852500,1810.080000,1.853500,16292.570000,1.853600,140.070000,1.853700,600.000000,1.853800,372.830000,1.853900,7691.810000,1.854000,41576.120000,1.854100,1567.860000,1.854200,13928.920000,1.854300,7780.020000,1.854400,2530.940000
1759175666.710901,177366533102,1.853400,3021.440000,1.853300,1082.380000,1.853200,7333.450000,1.853100,12390.980000,1.853000,4412.180000,1.852800,844.810000,1.852700,582.930000,1.852600,1877.690000,1.852500,1810.080000,1.852400,35.870000,1.853500,16066.660000,1.853600,140.070000,1.853700,800.000000,1.853800,254.360000,1.853900,7691.810000,1.854000,41576.120000,1.854100,1567.860000,1.854200,13928.920000,1.854300,7780.020000,1.854400,2530.940000
1759175666.9692614,177366535775,1.853400,3430.350000,1.853300,1082.380000,1.853200,7333.450000,1.853100,12390.980000,1.853000,4412.180000,1.852800,844.810000,1.852700,582.930000,1.852600,1877.690000,1.852500,1810.080000,1.852400,35.870000,1.853500,16171.760000,1.853600,140.070000,1.853700,800.000000,1.853800,372.810000,1.853900,7691.810000,1.854000,41576.120000,1.854100,1567.860000,1.854200,13928.920000,1.854300,7780.020000,1.854400,2530.940000
1759175667.344714,177366541626,1.853300,884.660000,1.853200,279.490000,1.853100,12390.980000,1.853000,7412.180000,1.852900,4000.000000,1.852800,844.810000,1.852700,582.930000,1.852600,1877.690000,1.852500,1810.080000,1.852400,35.870000,1.853500,16183.260000,1.853600,140.070000,1.853700,800.000000,1.853800,372.810000,1.853900,7691.810000,1.854000,41576.120000,1.854100,1567.860000,1.854200,13928.920000,1.854300,7780.020000,1.854400,2530.940000
1759175667.5418506,177366545633,1.853300,3906.040000,1.853200,7333.450000,1.853100,12390.980000,1.853000,412.180000,1.852900,4000.000000,1.852800,844.810000,1.852700,582.930000,1.852600,1877.690000,1.852500,1810.080000,1.852400,35.870000,1.853400,1929.960000,1.853500,58.700000,1.853600,140.070000,1.853700,800.000000,1.853800,372.810000,1.853900,7691.810000,1.854000,41576.120000,1.854100,1567.860000,1.854200,13928.920000,1.854300,7780.020000
1759175667.8008616,177366550491,1.853300,5135.950000,1.853200,279.490000,1.853100,7226.960000,1.853000,11846.710000,1.852900,4000.000000,1.852800,1993.170000,1.852700,582.930000,1.852600,1877.690000,1.852500,1810.080000,1.852400,35.870000,1.853400,946.930000,1.853500,36.200000,1.853600,140.070000,1.853700,800.000000,1.853800,372.810000,1.853900,12601.120000,1.854000,42556.260000,1.854100,12010.040000,1.854200,3486.740000,1.854300,6799.880000
1759175668.0601854,177366554798,1.853300,4836.050000,1.853200,279.490000,1.853100,7226.960000,1.853000,12795.070000,1.852900,4000.000000,1.852800,1044.810000,1.852700,582.930000,1.852600,1877.690000,1.852500,1810.080000,1.852400,35.870000,1.853400,944.930000,1.853500,36.200000,1.853600,140.070000,1.853700,800.000000,1.853800,372.810000,1.853900,12601.120000,1.854000,43357.380000,1.854100,12010.040000,1.854200,3486.740000,1.854300,6799.880000
1759175668.365831,177366557181,1.853300,5036.050000,1.853200,279.490000,1.853100,7226.960000,1.853000,16795.070000,1.852800,844.810000,1.852700,582.930000,1.852600,1877.690000,1.852500,1810.080000,1.852400,35.870000,1.852300,4447.230000,1.853400,126.600000,1.853500,36.200000,1.853600,140.070000,1.853700,800.000000,1.853800,372.810000,1.853900,12801.120000,1.854000,43357.380000,1.854100,12010.040000,1.854200,3486.740000,1.854300,6799.880000
1759175668.6332142,177366566743,1.853400,53.950000,1.853300,5036.050000,1.853200,315.360000,1.853100,7226.960000,1.853000,16795.070000,1.852800,844.810000,1.852700,582.930000,1.852600,1877.690000,1.852500,1810.080000,1.852400,35.870000,1.853600,45.440000,1.853700,800.000000,1.853800,372.810000,1.853900,12801.120000,1.854000,43357.380000,1.854100,12010.040000,1.854200,3486.740000,1.854300,6799.880000,1.854400,2530.940000,1.854500,564.130000
1759175668.9011636,177366572204,1.853500,955.130000,1.853400,65.450000,1.853300,1265.740000,1.853200,477.240000,1.853100,7173.000000,1.853000,16741.100000,1.852800,848.040000,1.852700,582.930000,1.852600,1877.690000,1.852500,1810.080000,1.853600,18225.580000,1.853700,800.000000,1.853800,316.450000,1.853900,12801.120000,1.854000,43357.380000,1.854100,12010.040000,1.854200,3486.740000,1.854300,6799.880000,1.854400,2530.940000,1.854500,564.130000
1759175669.2018611,177366577581,1.853600,3210.050000,1.853500,955.130000,1.853400,212.840000,1.853300,8265.740000,1.853200,15707.370000,1.853100,666.900000,1.853000,928.830000,1.852900,71.090000,1.852800,2320.020000,1.852700,1909.080000,1.853700,714.890000,1.853800,316.450000,1.853900,7479.620000,1.854000,41855.040000,1.854100,1556.040000,1.854200,2183.710000,1.854300,5568.480000,1.854400,3207.120000,1.854500,11006.310000,1.854600,4479.520000
1759175669.4241784,177366582438,1.853600,964.430000,1.853400,201.340000,1.853300,8455.740000,1.853200,12655.730000,1.853100,666.900000,1.853000,928.830000,1.852900,74.090000,1.852800,2120.020000,1.852700,7513.670000,1.852600,1302.140000,1.853700,18863.730000,1.853800,532.230000,1.853900,7479.620000,1.854000,36331.810000,1.854100,1556.040000,1.854200,2183.710000,1.854300,5568.480000,1.854400,3207.120000,1.854500,11006.310000,1.854600,4479.520000
1759175669.6778839,177366586791,1.853600,7219.580000,1.853500,7000.000000,1.853400,11470.960000,1.853300,5867.760000,1.853200,1146.110000,1.853100,666.900000,1.853000,928.830000,1.852900,74.090000,1.852800,7029.330000,1.852700,7513.670000,1.853700,514.890000,1.853800,316.450000,1.853900,7479.620000,1.854000,36331.810000,1.854100,1084.780000,1.854200,2183.710000,1.854300,5627.750000,1.854400,3207.120000,1.854500,11006.310000,1.854600,10084.110000
1759175669.9571605,177366591405,1.853600,7219.580000,1.853500,7000.000000,1.853400,11470.960000,1.853300,5867.760000,1.853200,1146.110000,1.853100,666.900000,1.853000,928.830000,1.852900,314.090000,1.852800,6927.180000,1.852700,7513.670000,1.853700,525.390000,1.853800,316.450000,1.853900,7479.620000,1.854000,36331.810000,1.854100,1084.780000,1.854200,2383.710000,1.854300,5627.750000,1.854400,3104.970000,1.854500,11006.310000,1.854600,10084.110000
1759175670.2691813,177366596264,1.853600,7165.180000,1.853500,7000.000000,1.853400,11470.960000,1.853300,5867.760000,1.853200,1146.110000,1.853100,666.900000,1.853000,928.830000,1.852900,416.230000,1.852800,6927.180000,1.852700,7513.670000,1.853700,467.690000,1.853800,316.450000,1.853900,7479.620000,1.854000,36331.810000,1.854100,1084.780000,1.854200,2383.710000,1.854300,5627.750000,1.854400,3104.970000,1.854500,11108.450000,1.854600,10084.110000
1759175670.5576296,177366600439,1.853600,7165.180000,1.853500,7948.360000,1.853400,11470.960000,1.853300,5867.760000,1.853200,197.750000,1.853100,666.900000,1.853000,928.830000,1.852900,614.380000,1.852800,6728.990000,1.852700,7513.670000,1.853700,477.990000,1.853800,316.450000,1.853900,7479.620000,1.854000,36331.810000,1.854100,1084.780000,1.854200,2383.710000,1.854300,5627.750000,1.854400,1926.640000,1.854500,11306.600000,1.854600,11064.250000
1759175670.8806343,177366604680,1.853600,8244.160000,1.853500,7948.360000,1.853400,11470.960000,1.853300,4788.610000,1.853200,197.750000,1.853100,786.470000,1.853000,809.240000,1.852900,1844.890000,1.852800,5498.210000,1.852700,7513.670000,1.853700,477.990000,1.853800,316.450000,1.853900,7479.620000,1.854000,36331.810000,1.854100,1084.780000,1.854200,2264.120000,1.854300,5747.320000,1.854400,695.860000,1.854500,12537.110000,1.854600,11064.250000
1759175671.3247702,177366614439,1.853700,7000.000000,1.853600,76976.260000,1.853500,948.360000,1.853400,53.950000,1.853300,841.880000,1.853200,35.870000,1.853100,666.900000,1.853000,4337.420000,1.852900,243.000000,1.852800,5151.640000,1.854000,33775.440000,1.854100,1084.780000,1.854200,1920.780000,1.854300,176.170000,1.854400,461.020000,1.854500,152.220000,1.854600,2819.550000,1.854700,6820.380000,1.854800,8024.940000,1.854900,19103.810000
1759175671.5713613,177366618554,1.853900,81769.000000,1.853800,4248.750000,1.853700,213.750000,1.853600,2336.170000,1.853500,1396.930000,1.853400,6906.450000,1.853300,3466.450000,1.853200,35.870000,1.853100,666.900000,1.853000,451.350000,1.854000,33775.440000,1.854100,1100.830000,1.854200,1920.780000,1.854300,176.170000,1.854400,461.020000,1.854500,152.220000,1.854600,1780.140000,1.854700,965.390000,1.854800,7790.100000,1.854900,16175.850000
1759175671.8228195,177366623042,1.853900,84873.700000,1.853800,4248.750000,1.853700,82.590000,1.853600,2325.170000,1.853500,1396.930000,1.853400,6906.450000,1.853300,3466.450000,1.853200,35.870000,1.853100,666.900000,1.853000,6013.350000,1.854000,33775.440000,1.854100,1100.830000,1.854200,1920.780000,1.854300,176.170000,1.854400,461.020000,1.854500,152.220000,1.854600,1780.140000,1.854700,965.390000,1.854800,7790.100000,1.854900,16175.850000
1759175672.071998,177366626640,1.853900,84486.440000,1.853800,248.750000,1.853700,4071.090000,1.853600,2435.520000,1.853500,1396.930000,1.853400,6906.450000,1.853300,3466.450000,1.853200,35.870000,1.853100,666.900000,1.853000,6013.350000,1.854000,33108.080000,1.854100,1100.830000,1.854200,1920.780000,1.854300,176.170000,1.854400,461.020000,1.854500,152.220000,1.854600,1780.140000,1.854700,965.390000,1.854800,7790.100000,1.854900,16175.850000
1759175672.3538053,177366632009,1.853900,3945.000000,1.853800,110.360000,1.853600,447.740000,1.853500,53.950000,1.853400,12325.880000,1.853300,734.650000,1.853200,601.620000,1.853100,5098.400000,1.853000,3598.100000,1.852900,8544.860000,1.854000,52972.570000,1.854100,1100.830000,1.854200,1920.780000,1.854300,176.170000,1.854400,7591.380000,1.854500,1900.390000,1.854600,13573.950000,1.854700,1597.690000,1.854800,790.100000,1.854900,13341.770000
1759175672.606374,177366635530,1.853900,1349.470000,1.853700,53.950000,1.853600,555.640000,1.853500,611.060000,1.853400,12325.880000,1.853300,7734.650000,1.853200,4262.720000,1.853100,1098.400000,1.853000,3598.100000,1.852900,1544.860000,1.854000,51560.570000,1.854100,1100.830000,1.854200,1920.780000,1.854300,176.170000,1.854400,7743.850000,1.854500,3011.390000,1.854600,13421.480000,1.854700,1597.690000,1.854800,790.100000,1.854900,13341.770000
1759175672.8527153,177366640363,1.853900,3822.700000,1.853700,53.950000,1.853600,11825.260000,1.853500,7272.200000,1.853400,5056.260000,1.853300,913.490000,1.853200,2012.540000,1.853100,919.560000,1.853000,1848.280000,1.852900,2745.650000,1.854000,34119.550000,1.854100,1100.830000,1.854200,1720.780000,1.854300,176.170000,1.854400,7461.020000,1.854500,1573.460000,1.854600,13704.310000,1.854700,3035.620000,1.854800,790.100000,1.854900,13341.770000
1759175673.1098053,177366644595,1.853900,6653.100000,1.853700,7164.310000,1.853600,11825.260000,1.853500,4610.600000,1.853400,2886.440000,1.853300,2449.920000,1.853200,6247.040000,1.853100,7764.680000,1.853000,451.350000,1.852900,3.000000,1.854000,32783.350000,1.854100,1100.830000,1.854200,1720.780000,1.854300,176.170000,1.854400,7661.020000,1.854500,1263.220000,1.854600,13202.460000,1.854700,1377.210000,1.854800,1383.170000,1.854900,12299.930000
1759175673.3599405,177366648327,1.853900,6603.100000,1.853700,8112.670000,1.853600,11825.260000,1.853500,4610.600000,1.853400,2094.920000,1.853300,2449.920000,1.853200,6247.040000,1.853100,7764.680000,1.853000,1743.920000,1.852900,3.000000,1.854000,32732.100000,1.854100,1125.830000,1.854200,1720.780000,1.854300,349.170000,1.854400,7661.020000,1.854500,1263.220000,1.854600,2760.280000,1.854700,1377.210000,1.854800,1383.170000,1.854900,22742.110000
1759175673.7534127,177366653667,1.853900,6776.100000,1.853700,8524.460000,1.853600,11825.260000,1.853500,4610.600000,1.853400,2094.920000,1.853300,2449.920000,1.853200,6247.040000,1.853100,7764.680000,1.853000,1743.920000,1.852900,3.000000,1.854000,32013.440000,1.854100,1125.830000,1.854200,1720.780000,1.854300,349.170000,1.854400,661.020000,1.854500,1263.220000,1.854600,1780.140000,1.854700,1377.210000,1.854800,8383.170000,1.854900,23722.250000
1759175674.1014423,177366659725,1.853900,84844.240000,1.853700,4817.380000,1.853600,7305.460000,1.853500,1596.930000,1.853400,1301.860000,1.853300,1082.870000,1.853200,6243.140000,1.853100,7562.500000,1.853000,6013.350000,1.852900,3.000000,1.854000,32013.440000,1.854100,1125.830000,1.854200,1720.780000,1.854300,349.170000,1.854400,661.020000,1.854500,1263.220000,1.854600,1780.140000,1.854700,965.390000,1.854800,8142.570000,1.854900,5733.670000
1759175674.354919,177366664991,1.853900,29614.100000,1.853800,3148.220000,1.853700,2995.370000,1.853600,5362.440000,1.853500,200.000000,1.853300,934.650000,1.853200,10507.180000,1.853100,6415.900000,1.853000,730.040000,1.852900,3.000000,1.854000,1004.360000,1.854100,1125.830000,1.854200,1720.780000,1.854300,349.170000,1.854400,661.020000,1.854500,1263.220000,1.854600,1780.140000,1.854700,965.390000,1.854800,990.100000,1.854900,5321.990000
1759175674.6048663,177366670098,1.854400,4078.000000,1.854300,2461.590000,1.854200,3357.820000,1.854100,294.800000,1.854000,1898.820000,1.853900,1027.290000,1.853800,5604.590000,1.853700,411.790000,1.853600,5362.440000,1.853500,344.410000,1.854500,1263.220000,1.854600,1780.140000,1.854700,1073.220000,1.854800,990.100000,1.854900,5321.990000,1.855000,21273.330000,1.855100,277.730000,1.855200,1431.170000,1.855300,51.960000,1.855400,3236.890000
1759175674.9098232,177366675515,1.854700,80387.370000,1.854600,1804.050000,1.854500,698.090000,1.854400,9318.060000,1.854300,2411.390000,1.854200,3159.720000,1.854100,826.360000,1.854000,4955.180000,1.853900,6573.880000,1.853800,5604.590000,1.854800,990.100000,1.854900,5321.990000,1.855000,21273.330000,1.855100,277.730000,1.855200,1431.170000,1.855300,51.960000,1.855400,3236.890000,1.855500,454.290000,1.855600,7513.710000,1.855700,11604.670000
1759175675.1246665,177366680066,1.854700,82415.980000,1.854600,1498.650000,1.854500,816.460000,1.854400,10833.630000,1.854300,2411.390000,1.854200,3148.220000,1.854100,826.360000,1.854000,4945.180000,1.853900,6573.880000,1.853800,5604.590000,1.854800,790.100000,1.854900,5321.990000,1.855000,21273.330000,1.855100,277.730000,1.855200,1431.170000,1.855300,51.960000,1.855400,3236.890000,1.855500,454.290000,1.855600,7513.710000,1.855700,11604.670000
1759175675.3734195,177366685006,1.854800,10351.130000,1.854700,11516.080000,1.854600,8153.990000,1.854500,482.270000,1.854400,10847.500000,1.854300,2411.390000,1.854200,3148.220000,1.854100,826.360000,1.854000,4945.180000,1.853900,6573.880000,1.854900,4806.790000,1.855000,21273.330000,1.855100,277.730000,1.855200,1431.170000,1.855300,51.960000,1.855400,3236.890000,1.855500,454.290000,1.855600,7513.710000,1.855700,11604.670000,1.855800,602.070000
1759175675.6245394,177366689045,1.854800,82501.670000,1.854700,173.660000,1.854600,421.650000,1.854500,600.640000,1.854400,10847.500000,1.854300,2411.390000,1.854200,3148.220000,1.854100,831.750000,1.854000,4945.180000,1.853900,6568.490000,1.854900,3728.280000,1.855000,21273.330000,1.855100,277.730000,1.855200,1431.170000,1.855300,51.960000,1.855400,3236.890000,1.855500,454.290000,1.855600,7513.710000,1.855700,182.350000,1.855800,602.070000
1759175675.88689,177366692581,1.854800,81644.670000,1.854700,151.160000,1.854600,421.650000,1.854500,6205.230000,1.854400,10847.500000,1.854300,2411.390000,1.854200,3148.220000,1.854100,831.750000,1.854000,4945.180000,1.853900,6568.490000,1.854900,3726.280000,1.855000,21273.330000,1.855100,277.730000,1.855200,1431.170000,1.855300,51.960000,1.855400,3236.890000,1.855500,454.290000,1.855600,7513.710000,1.855700,182.350000,1.855800,602.070000
1759175676.1501942,177366697417,1.854800,81444.860000,1.854700,140.160000,1.854600,421.650000,1.854500,6205.230000,1.854400,11147.500000,1.854300,2411.390000,1.854200,3148.220000,1.854100,831.750000,1.854000,4945.180000,1.853900,6568.490000,1.854900,3726.280000,1.855000,21273.330000,1.855100,277.730000,1.855200,1431.170000,1.855300,51.960000,1.855400,3236.890000,1.855500,454.290000,1.855600,7513.710000,1.855700,182.350000,1.855800,602.070000
1759175676.4681177,177366701953,1.854800,81444.860000,1.854700,140.160000,1.854600,421.650000,1.854500,6205.230000,1.854400,11228.940000,1.854300,2411.390000,1.854200,3148.220000,1.854100,831.750000,1.854000,4945.180000,1.853900,6768.490000,1.854900,4326.280000,1.855000,21273.330000,1.855100,277.730000,1.855200,1431.170000,1.855300,132.290000,1.855400,3236.890000,1.855500,454.290000,1.855600,7513.710000,1.855700,182.350000,1.855800,11044.250000
1759175676.751587,177366706658,1.854800,81438.420000,1.854700,140.160000,1.854600,421.650000,1.854500,6205.230000,1.854400,11228.940000,1.854300,2411.390000,1.854200,3148.220000,1.854100,831.750000,1.854000,4945.180000,1.853900,6768.490000,1.854900,2815.250000,1.855000,21273.330000,1.855100,277.730000,1.855200,1431.170000,1.855300,132.290000,1.855400,3236.890000,1.855500,454.290000,1.855600,7513.710000,1.855700,182.350000,1.855800,11115.220000
1759175677.061045,177366711765,1.854800,82566.700000,1.854700,140.160000,1.854600,421.650000,1.854500,6205.230000,1.854400,11228.940000,1.854300,2411.390000,1.854200,3148.220000,1.854100,831.750000,1.854000,4945.180000,1.853900,6768.490000,1.854900,2235.490000,1.855000,21273.330000,1.855100,277.730000,1.855200,1431.170000,1.855300,132.290000,1.855400,3236.890000,1.855500,454.290000,1.855600,7513.710000,1.855700,182.350000,1.855800,11115.220000
1759175677.4038646,177366717215,1.854800,82561.700000,1.854700,140.160000,1.854600,421.650000,1.854500,6205.230000,1.854400,11228.940000,1.854300,2411.390000,1.854200,3148.220000,1.854100,831.750000,1.854000,4945.180000,1.853900,6768.490000,1.854900,1706.280000,1.855000,21273.330000,1.855100,277.730000,1.855200,1431.170000,1.855300,132.290000,1.855400,3236.890000,1.855500,454.290000,1.855600,7513.710000,1.855700,182.350000,1.855800,11115.220000
1759175677.7516701,177366722618,1.854800,80983.420000,1.854700,140.160000,1.854600,421.650000,1.854500,6205.230000,1.854400,11328.280000,1.854300,2411.390000,1.854200,3148.220000,1.854100,831.750000,1.854000,4945.180000,1.853900,6768.490000,1.854900,1706.280000,1.855000,21273.330000,1.855100,277.730000,1.855200,1431.170000,1.855300,132.290000,1.855400,3236.890000,1.855500,454.290000,1.855600,7513.710000,1.855700,182.350000,1.855800,11115.220000
1759175678.0703542,177366727001,1.854800,80861.950000,1.854700,140.160000,1.854600,421.650000,1.854500,6205.230000,1.854400,11328.280000,1.854300,2411.390000,1.854200,3148.220000,1.854100,831.750000,1.854000,4945.180000,1.853900,6768.490000,1.854900,1444.960000,1.855000,21273.330000,1.855100,277.730000,1.855200,1431.170000,1.855300,132.290000,1.855400,3236.890000,1.855500,454.290000,1.855600,7513.710000,1.855700,182.350000,1.855800,11115.220000
1759175678.330383,177366730075,1.854800,80861.950000,1.854700,140.160000,1.854600,421.650000,1.854500,6205.230000,1.854400,11328.280000,1.854300,2411.390000,1.854200,3148.220000,1.854100,831.750000,1.854000,4945.180000,1.853900,6768.490000,1.854900,1025.840000,1.855000,21273.330000,1.855100,1388.730000,1.855200,1431.170000,1.855300,132.290000,1.855400,3236.890000,1.855500,454.290000,1.855600,7513.710000,1.855700,182.350000,1.855800,11115.220000
1759175678.6539211,177366737669,1.854800,81192.440000,1.854700,140.160000,1.854600,421.650000,1.854500,6205.230000,1.854400,11328.280000,1.854300,2411.390000,1.854200,3148.220000,1.854100,831.750000,1.854000,4945.180000,1.853900,6768.490000,1.854900,1025.840000,1.855000,21273.330000,1.855100,1388.730000,1.855200,1431.170000,1.855300,132.290000,1.855400,3236.890000,1.855500,454.290000,1.855600,7513.710000,1.855700,182.350000,1.855800,11115.220000
1759175678.9999142,177366742099,1.854800,81192.440000,1.854700,140.160000,1.854600,421.650000,1.854500,6205.230000,1.854400,11328.150000,1.854300,2411.390000,1.854200,3148.220000,1.854100,831.750000,1.854000,4945.180000,1.853900,6768.490000,1.854900,1025.840000,1.855000,21273.330000,1.855100,1388.730000,1.855200,1431.170000,1.855300,132.290000,1.855400,3236.890000,1.855500,454.290000,1.855600,7513.710000,1.855700,182.350000,1.855800,11115.220000
1759175679.2624516,177366748739,1.854900,19579.270000,1.854800,3125.600000,1.854700,297.000000,1.854600,362.310000,1.854500,9136.110000,1.854400,6903.410000,1.854300,5973.390000,1.854200,2582.320000,1.854100,826.360000,1.854000,4945.180000,1.855000,20240.030000,1.855100,1388.730000,1.855200,1431.170000,1.855300,132.290000,1.855400,3236.890000,1.855500,454.290000,1.855600,513.710000,1.855700,182.350000,1.855800,80.190000,1.855900,571.920000
1759175679.5141022,177366752806,1.854900,34598.990000,1.854800,910.700000,1.854700,664.010000,1.854600,4464.450000,1.854500,3464.270000,1.854400,6903.410000,1.854300,611.390000,1.854200,2582.320000,1.854100,826.360000,1.854000,5206.080000,1.855000,3254.640000,1.855100,1388.730000,1.855200,1431.170000,1.855300,132.290000,1.855400,3236.890000,1.855500,454.290000,1.855600,513.710000,1.855700,182.350000,1.855800,80.190000,1.855900,571.920000
1759175679.7650986,177366755943,1.854900,34848.670000,1.854800,910.700000,1.854700,664.010000,1.854600,4464.450000,1.854500,3464.270000,1.854400,6908.800000,1.854300,811.390000,1.854200,2582.320000,1.854100,6388.360000,1.854000,5206.080000,1.855000,3254.640000,1.855100,1388.730000,1.855200,1431.170000,1.855300,132.290000,1.855400,3236.890000,1.855500,454.290000,1.855600,513.710000,1.855700,182.350000,1.855800,80.190000,1.855900,571.920000
1759175680.112767,177366762842,1.855000,21307.110000,1.854900,11685.090000,1.854800,1316.190000,1.854700,4431.610000,1.854600,3225.820000,1.854500,1860.640000,1.854400,5459.350000,1.854300,3396.710000,1.854200,13661.000000,1.854100,826.360000,1.855100,1388.730000,1.855200,1431.170000,1.855300,132.290000,1.855400,3236.890000,1.855500,454.290000,1.855600,513.710000,1.855700,182.350000,1.855800,134.080000,1.855900,50.040000,1.856000,10898.620000
1759175680.3671012,177366767670,1.855000,20833.650000,1.854900,11622.290000,1.854800,1316.190000,1.854700,4431.610000,1.854600,3225.820000,1.854500,1860.640000,1.854400,13558.350000,1.854300,3396.710000,1.854200,5562.000000,1.854100,826.360000,1.855100,1388.730000,1.855200,1431.170000,1.855300,132.290000,1.855400,3236.890000,1.855500,454.290000,1.855600,513.710000,1.855700,182.350000,1.855800,134.080000,1.855900,50.040000,1.856000,10898.620000
1759175680.7004063,177366771224,1.855000,19675.120000,1.854900,11622.290000,1.854800,1316.190000,1.854700,4431.610000,1.854600,3225.820000,1.854500,1860.640000,1.854400,13558.350000,1.854300,3396.710000,1.854200,5562.000000,1.854100,826.360000,1.855100,1358.320000,1.855200,1431.170000,1.855300,132.290000,1.855400,3236.890000,1.855500,454.290000,1.855600,513.710000,1.855700,182.350000,1.855800,134.080000,1.855900,50.040000,1.856000,10898.620000
1759175681.1131816,177366779758,1.855000,19824.920000,1.854900,11622.290000,1.854800,1316.190000,1.854700,4431.610000,1.854600,3225.820000,1.854500,1860.640000,1.854400,5462.350000,1.854300,3396.710000,1.854200,5562.000000,1.854100,826.360000,1.855100,280.160000,1.855200,1431.170000,1.855300,132.290000,1.855400,3236.890000,1.855500,454.290000,1.855600,513.710000,1.855700,182.350000,1.855800,134.080000,1.855900,50.040000,1.856000,10898.620000
1759175681.5425727,177366786152,1.855000,22841.320000,1.854900,11622.290000,1.854800,1316.190000,1.854700,4431.610000,1.854600,3374.040000,1.854500,1712.420000,1.854400,5462.350000,1.854300,3396.710000,1.854200,5562.000000,1.854100,826.360000,1.855100,280.160000,1.855200,1431.170000,1.855300,132.290000,1.855400,3236.890000,1.855500,454.290000,1.855600,513.710000,1.855700,182.350000,1.855800,134.080000,1.855900,156.600000,1.856000,3682.600000
1759175681.8278842,177366788363,1.855000,23687.710000,1.854900,10694.900000,1.854800,1316.190000,1.854700,4431.610000,1.854600,3374.040000,1.854500,1712.420000,1.854400,5462.350000,1.854300,3396.710000,1.854200,5562.000000,1.854100,826.360000,1.855100,280.160000,1.855200,1431.170000,1.855300,132.290000,1.855400,3236.890000,1.855500,454.290000,1.855600,513.710000,1.855700,182.350000,1.855800,134.080000,1.855900,156.600000,1.856000,3682.600000
1759175682.4290466,177366799680,1.855000,23879.160000,1.854900,12351.610000,1.854800,7756.120000,1.854700,140.160000,1.854600,2755.050000,1.854500,5973.300000,1.854400,5462.350000,1.854300,814.620000,1.854200,53.930000,1.854100,970.430000,1.855100,278.160000,1.855200,1431.170000,1.855300,132.290000,1.855400,3236.890000,1.855500,454.290000,1.855600,513.710000,1.855700,182.350000,1.855800,134.080000,1.855900,156.600000,1.856000,3433.950000
1759175682.717696,177366805089,1.855100,4223.230000,1.855000,1871.440000,1.854900,13431.000000,1.854800,7756.120000,1.854700,140.160000,1.854600,2755.050000,1.854500,5973.300000,1.854400,5462.350000,1.854300,614.620000,1.854200,53.930000,1.855200,1431.170000,1.855300,132.290000,1.855400,3236.890000,1.855500,454.290000,1.855600,513.710000,1.855700,182.350000,1.855800,134.080000,1.855900,156.600000,1.856000,3433.950000,1.856100,19136.940000
1759175682.95503,177366809055,1.855100,11364.020000,1.855000,8502.820000,1.854900,6747.020000,1.854800,7791.990000,1.854700,140.160000,1.854600,2955.050000,1.854500,5973.300000,1.854400,5462.350000,1.854300,614.620000,1.854200,53.930000,1.855200,868.610000,1.855300,132.290000,1.855400,3236.890000,1.855500,454.290000,1.855600,513.710000,1.855700,182.350000,1.855800,134.080000,1.855900,156.600000,1.856000,3433.950000,1.856100,19136.940000
1759175683.415182,177366817034,1.855300,11432.650000,1.855200,9907.630000,1.855100,6332.820000,1.855000,1818.840000,1.854900,6747.020000,1.854800,7791.990000,1.854700,140.160000,1.854600,2955.050000,1.854500,5973.300000,1.854400,5380.910000,1.855400,3207.460000,1.855500,454.290000,1.855600,513.710000,1.855700,182.350000,1.855800,134.080000,1.855900,369.730000,1.856000,3433.950000,1.856100,19136.940000,1.856200,2704.390000,1.856300,565.840000
1759175683.6826222,177366820955,1.855300,5037.040000,1.855200,53.900000,1.855100,6069.530000,1.855000,7283.980000,1.854900,5495.800000,1.854800,1017.540000,1.854700,7318.220000,1.854600,1917.100000,1.854500,411.300000,1.854400,7957.150000,1.855400,3126.020000,1.855500,454.290000,1.855600,513.710000,1.855700,182.350000,1.855800,134.080000,1.855900,369.730000,1.856000,3433.950000,1.856100,1137.540000,1.856200,3047.430000,1.856300,222.800000
1759175683.9356656,177366824875,1.855300,5035.040000,1.855200,6856.220000,1.855100,17006.150000,1.855000,600.000000,1.854900,6423.190000,1.854800,1017.540000,1.854700,3318.220000,1.854600,1917.100000,1.854500,411.300000,1.854400,7962.540000,1.855400,3126.020000,1.855500,454.290000,1.855600,513.710000,1.855700,182.350000,1.855800,134.080000,1.855900,369.730000,1.856000,14117.330000,1.856100,1137.540000,1.856200,4032.890000,1.856300,222.800000
1759175684.1906857,177366826019,1.855300,5035.040000,1.855200,6737.880000,1.855100,17006.150000,1.855000,659.200000,1.854900,6363.920000,1.854800,5017.540000,1.854700,3318.220000,1.854600,1917.100000,1.854500,411.300000,1.854400,7962.540000,1.855400,3126.020000,1.855500,454.290000,1.855600,513.710000,1.855700,182.350000,1.855800,134.080000,1.855900,369.730000,1.856000,14117.330000,1.856100,1137.540000,1.856200,4092.090000,1.856300,163.530000
1759175684.4530852,177366831813,1.855300,4935.040000,1.855200,53.900000,1.855100,6069.530000,1.855000,7343.180000,1.854900,6363.920000,1.854800,5017.540000,1.854700,3318.220000,1.854600,1917.100000,1.854500,411.300000,1.854400,7962.540000,1.855400,3116.670000,1.855500,454.290000,1.855600,513.710000,1.855700,182.350000,1.855800,134.080000,1.855900,369.730000,1.856000,14117.330000,1.856100,1137.540000,1.856200,4092.090000,1.856300,163.530000
1759175684.7176247,177366835783,1.855300,11619.020000,1.855200,11108.860000,1.855100,6996.920000,1.855000,659.200000,1.854900,5436.530000,1.854800,5017.540000,1.854700,3318.220000,1.854600,1917.100000,1.854500,411.300000,1.854400,7962.540000,1.855400,2550.640000,1.855500,454.290000,1.855600,513.710000,1.855700,182.350000,1.855800,134.080000,1.855900,369.730000,1.856000,14117.330000,1.856100,1137.540000,1.856200,4092.090000,1.856300,163.530000
1759175684.9718094,177366839844,1.855300,4881.070000,1.855200,17674.500000,1.855100,6996.920000,1.855000,659.200000,1.854900,5436.530000,1.854800,5119.570000,1.854700,3216.080000,1.854600,1917.100000,1.854500,411.300000,1.854400,7962.540000,1.855400,2040.790000,1.855500,454.290000,1.855600,513.710000,1.855700,182.350000,1.855800,134.080000,1.855900,369.730000,1.856000,14117.330000,1.856100,1137.540000,1.856200,4092.090000,1.856300,163.530000
1759175685.2731595,177366844550,1.855200,1429.600000,1.855100,53.910000,1.855000,600.000000,1.854900,518.960000,1.854800,1391.490000,1.854700,11076.780000,1.854600,373.000000,1.854500,7095.280000,1.854400,9786.330000,1.854300,685.590000,1.855400,24077.790000,1.855500,454.290000,1.855600,513.710000,1.855700,11114.310000,1.855800,7740.410000,1.855900,2246.810000,1.856000,3845.130000,1.856100,3834.370000,1.856200,3115.570000,1.856300,2625.660000
1759175685.4784002,177366848570,1.855200,1272.080000,1.855000,600.000000,1.854900,637.300000,1.854800,5963.700000,1.854700,11276.780000,1.854600,7984.370000,1.854500,6015.890000,1.854400,5380.910000,1.854300,812.630000,1.854200,1404.940000,1.855300,15497.390000,1.855400,32.300000,1.855500,454.290000,1.855600,513.710000,1.855700,18430.330000,1.855800,1338.880000,1.855900,2246.670000,1.856000,3845.130000,1.856100,3834.370000,1.856200,3115.570000
