unix_timestamp,lastUpdateId,bid_price_0,bid_qty_0,bid_price_1,bid_qty_1,bid_price_2,bid_qty_2,bid_price_3,bid_qty_3,bid_price_4,bid_qty_4,bid_price_5,bid_qty_5,bid_price_6,bid_qty_6,bid_price_7,bid_qty_7,bid_price_8,bid_qty_8,bid_price_9,bid_qty_9,ask_price_0,ask_qty_0,ask_price_1,ask_qty_1,ask_price_2,ask_qty_2,ask_price_3,ask_qty_3,ask_price_4,ask_qty_4,ask_price_5,ask_qty_5,ask_price_6,ask_qty_6,ask_price_7,ask_qty_7,ask_price_8,ask_qty_8,ask_price_9,ask_qty_9
1759175616.3609567,177365704673,0.999300,13089.000000,0.999200,88457.000000,0.999100,20433.000000,0.999000,2401.000000,0.998900,5094.000000,0.998800,19.000000,0.998700,678.000000,0.998600,20970.000000,0.998500,50061.000000,0.998400,91.000000,0.999400,9946.000000,0.999500,113987.000000,0.999600,36094.000000,0.999700,85502.000000,0.999800,11699.000000,0.999900,10007.000000,1.000000,2133.000000,1.000100,873.000000,1.000200,15.000000,1.000400,951.000000
1759175622.5829716,177365805745,0.999300,13060.000000,0.999200,88457.000000,0.999100,20433.000000,0.999000,2401.000000,0.998900,5094.000000,0.998800,19.000000,0.998700,678.000000,0.998600,20970.000000,0.998500,50061.000000,0.998400,91.000000,0.999400,9917.000000,0.999500,113987.000000,0.999600,42410.000000,0.999700,85502.000000,0.999800,11699.000000,0.999900,10007.000000,1.000000,2133.000000,1.000100,873.000000,1.000200,15.000000,1.000400,951.000000
1759175624.901174,177365842787,0.999300,13031.000000,0.999200,88457.000000,0.999100,20433.000000,0.999000,2401.000000,0.998900,5094.000000,0.998800,19.000000,0.998700,678.000000,0.998600,20970.000000,0.998500,50061.000000,0.998400,91.000000,0.999400,9917.000000,0.999500,113987.000000,0.999600,42410.000000,0.999700,85502.000000,0.999800,11699.000000,0.999900,10007.000000,1.000000,2133.000000,1.000100,873.000000,1.000200,15.000000,1.000400,951.000000
1759175625.7086742,177365854970,0.999300,13025.000000,0.999200,88457.000000,0.999100,20433.000000,0.999000,2401.000000,0.998900,5094.000000,0.998800,19.000000,0.998700,678.000000,0.998600,20970.000000,0.998500,50061.000000,0.998400,91.000000,0.999400,9917.000000,0.999500,113987.000000,0.999600,42410.000000,0.999700,85502.000000,0.999800,11699.000000,0.999900,10007.000000,1.000000,2133.000000,1.000100,873.000000,1.000200,15.000000,1.000400,951.000000
1759175628.5573847,177365900833,0.999300,13025.000000,0.999200,88457.000000,0.999100,20433.000000,0.999000,2401.000000,0.998900,5094.000000,0.998800,19.000000,0.998700,678.000000,0.998600,20970.000000,0.998500,50061.000000,0.998400,91.000000,0.999400,9888.000000,0.999500,113987.000000,0.999600,42410.000000,0.999700,85502.000000,0.999800,11699.000000,0.999900,10007.000000,1.000000,2133.000000,1.000100,873.000000,1.000200,15.000000,1.000400,951.000000
1759175630.5676265,177365932880,0.999300,12996.000000,0.999200,88457.000000,0.999100,20433.000000,0.999000,2401.000000,0.998900,5094.000000,0.998800,19.000000,0.998700,678.000000,0.998600,20970.000000,0.998500,50061.000000,0.998400,91.000000,0.999400,9888.000000,0.999500,113987.000000,0.999600,42410.000000,0.999700,85502.000000,0.999800,11699.000000,0.999900,10007.000000,1.000000,2133.000000,1.000100,873.000000,1.000200,15.000000,1.000400,951.000000
1759175634.3241663,177365996554,0.999300,12996.000000,0.999200,88457.000000,0.999100,20433.000000,0.999000,2401.000000,0.998900,5094.000000,0.998800,19.000000,0.998700,678.000000,0.998600,20970.000000,0.998500,50061.000000,0.998400,91.000000,0.999400,9859.000000,0.999500,113987.000000,0.999600,42410.000000,0.999700,85502.000000,0.999800,11699.000000,0.999900,10007.000000,1.000000,2133.000000,1.000100,873.000000,1.000200,15.000000,1.000400,951.000000
1759175634.8940508,177366005666,0.999300,12996.000000,0.999200,88457.000000,0.999100,20433.000000,0.999000,2401.000000,0.998900,5094.000000,0.998800,19.000000,0.998700,678.000000,0.998600,20970.000000,0.998500,50061.000000,0.998400,91.000000,0.999400,9850.000000,0.999500,113987.000000,0.999600,42410.000000,0.999700,85502.000000,0.999800,11699.000000,0.999900,10007.000000,1.000000,2133.000000,1.000100,873.000000,1.000200,15.000000,1.000400,951.000000
1759175636.11447,177366027465,0.999300,12967.000000,0.999200,88457.000000,0.999100,20433.000000,0.999000,2401.000000,0.998900,5094.000000,0.998800,19.000000,0.998700,678.000000,0.998600,20970.000000,0.998500,50061.000000,0.998400,91.000000,0.999400,9850.000000,0.999500,113987.000000,0.999600,42410.000000,0.999700,85502.000000,0.999800,11699.000000,0.999900,10007.000000,1.000000,2133.000000,1.000100,873.000000,1.000200,15.000000,1.000400,951.000000
1759175638.4527671,177366064952,0.999300,12967.000000,0.999200,88457.000000,0.999100,20433.000000,0.999000,2401.000000,0.998900,5104.000000,0.998800,19.000000,0.998700,678.000000,0.998600,20970.000000,0.998500,50061.000000,0.998400,91.000000,0.999400,9850.000000,0.999500,113987.000000,0.999600,42410.000000,0.999700,85502.000000,0.999800,11699.000000,0.999900,10007.000000,1.000000,2133.000000,1.000100,873.000000,1.000200,15.000000,1.000400,951.000000
1759175642.906815,177366142860,0.999300,12967.000000,0.999200,88457.000000,0.999100,20433.000000,0.999000,2401.000000,0.998900,5104.000000,0.998800,19.000000,0.998700,678.000000,0.998600,20970.000000,0.998500,50061.000000,0.998400,91.000000,0.999400,9839.000000,0.999500,113987.000000,0.999600,42410.000000,0.999700,85502.000000,0.999800,11699.000000,0.999900,10007.000000,1.000000,2133.000000,1.000100,873.000000,1.000200,15.000000,1.000400,951.000000
1759175644.2057269,177366164248,0.999300,12967.000000,0.999200,88457.000000,0.999100,20433.000000,0.999000,2401.000000,0.998900,5094.000000,0.998800,19.000000,0.998700,678.000000,0.998600,20970.000000,0.998500,50061.000000,0.998400,91.000000,0.999400,9839.000000,0.999500,113987.000000,0.999600,42410.000000,0.999700,85502.000000,0.999800,11699.000000,0.999900,10007.000000,1.000000,2133.000000,1.000100,873.000000,1.000200,15.000000,1.000400,951.000000
1759175645.15348,177366179155,0.999300,12958.000000,0.999200,88457.000000,0.999100,20433.000000,0.999000,2401.000000,0.998900,5094.000000,0.998800,19.000000,0.998700,678.000000,0.998600,20970.000000,0.998500,50061.000000,0.998400,91.000000,0.999400,9839.000000,0.999500,113987.000000,0.999600,42410.000000,0.999700,85502.000000,0.999800,11699.000000,0.999900,10007.000000,1.000000,2133.000000,1.000100,873.000000,1.000200,15.000000,1.000400,951.000000
1759175645.4496012,177366184166,0.999300,12958.000000,0.999200,88457.000000,0.999100,20433.000000,0.999000,2401.000000,0.998900,5104.000000,0.998800,19.000000,0.998700,678.000000,0.998600,20970.000000,0.998500,50061.000000,0.998400,91.000000,0.999400,9839.000000,0.999500,113987.000000,0.999600,42410.000000,0.999700,85502.000000,0.999800,11699.000000,0.999900,10007.000000,1.000000,2133.000000,1.000100,873.000000,1.000200,15.000000,1.000400,951.000000
1759175648.5354939,177366232381,0.999300,12950.000000,0.999200,88457.000000,0.999100,20433.000000,0.999000,2401.000000,0.998900,5104.000000,0.998800,19.000000,0.998700,678.000000,0.998600,20970.000000,0.998500,50061.000000,0.998400,91.000000,0.999400,9839.000000,0.999500,113987.000000,0.999600,42410.000000,0.999700,85502.000000,0.999800,11699.000000,0.999900,10007.000000,1.000000,2133.000000,1.000100,873.000000,1.000200,15.000000,1.000400,951.000000
1759175650.0917995,177366259845,0.999300,12941.000000,0.999200,88457.000000,0.999100,20433.000000,0.999000,2401.000000,0.998900,5104.000000,0.998800,19.000000,0.998700,678.000000,0.998600,20970.000000,0.998500,50061.000000,0.998400,91.000000,0.999400,9839.000000,0.999500,113987.000000,0.999600,42410.000000,0.999700,85502.000000,0.999800,11699.000000,0.999900,10007.000000,1.000000,2133.000000,1.000100,873.000000,1.000200,15.000000,1.000400,951.000000
1759175651.70568,177366287380,0.999300,12941.000000,0.999200,88457.000000,0.999100,20433.000000,0.999000,2401.000000,0.998900,5094.000000,0.998800,19.000000,0.998700,678.000000,0.998600,20970.000000,0.998500,50061.000000,0.998400,91.000000,0.999400,9839.000000,0.999500,113987.000000,0.999600,42410.000000,0.999700,85502.000000,0.999800,11699.000000,0.999900,10007.000000,1.000000,2133.000000,1.000100,873.000000,1.000200,15.000000,1.000400,951.000000
1759175653.0114565,177366309577,0.999300,12941.000000,0.999200,88457.000000,0.999100,20433.000000,0.999000,2401.000000,0.998900,5094.000000,0.998800,19.000000,0.998700,678.000000,0.998600,20970.000000,0.998500,50061.000000,0.998400,91.000000,0.999400,9839.000000,0.999500,13987.000000,0.999600,42410.000000,0.999700,85502.000000,0.999800,11699.000000,0.999900,10007.000000,1.000000,2133.000000,1.000100,873.000000,1.000200,15.000000,1.000400,951.000000
1759175660.9096265,177366433383,0.999300,12941.000000,0.999200,88457.000000,0.999100,20433.000000,0.999000,2401.000000,0.998900,5094.000000,0.998800,19.000000,0.998700,678.000000,0.998600,20970.000000,0.998500,50061.000000,0.998400,91.000000,0.999400,9833.000000,0.999500,13987.000000,0.999600,42410.000000,0.999700,85502.000000,0.999800,11699.000000,0.999900,10007.000000,1.000000,2133.000000,1.000100,873.000000,1.000200,15.000000,1.000400,951.000000
1759175665.5821106,177366511152,0.999300,12935.000000,0.999200,88457.000000,0.999100,20433.000000,0.999000,2401.000000,0.998900,5094.000000,0.998800,19.000000,0.998700,678.000000,0.998600,20970.000000,0.998500,50061.000000,0.998400,91.000000,0.999400,9833.000000,0.999500,13987.000000,0.999600,42410.000000,0.999700,85502.000000,0.999800,11699.000000,0.999900,10007.000000,1.000000,2133.000000,1.000100,873.000000,1.000200,15.000000,1.000400,951.000000
1759175665.917035,177366516644,0.999300,12935.000000,0.999200,88457.000000,0.999100,20433.000000,0.999000,2401.000000,0.998900,5094.000000,0.998800,19.000000,0.998700,678.000000,0.998600,20970.000000,0.998500,50061.000000,0.998400,91.000000,0.999400,9824.000000,0.999500,13987.000000,0.999600,42410.000000,0.999700,85502.000000,0.999800,11699.000000,0.999900,10007.000000,1.000000,2133.000000,1.000100,873.000000,1.000200,15.000000,1.000400,951.000000
1759175669.1832054,177366572503,0.999300,12924.000000,0.999200,88457.000000,0.999100,20433.000000,0.999000,2401.000000,0.998900,5094.000000,0.998800,19.000000,0.998700,678.000000,0.998600,20970.000000,0.998500,50061.000000,0.998400,91.000000,0.999400,9824.000000,0.999500,13987.000000,0.999600,42410.000000,0.999700,85502.000000,0.999800,11699.000000,0.999900,10007.000000,1.000000,2133.000000,1.000100,873.000000,1.000200,15.000000,1.000400,951.000000
1759175670.9572027,177366603953,0.999300,12924.000000,0.999200,88457.000000,0.999100,20433.000000,0.999000,2401.000000,0.998900,5094.000000,0.998800,19.000000,0.998700,678.000000,0.998600,20970.000000,0.998500,50061.000000,0.998400,91.000000,0.999400,9818.000000,0.999500,13987.000000,0.999600,42410.000000,0.999700,85502.000000,0.999800,11699.000000,0.999900,10007.000000,1.000000,2133.000000,1.000100,873.000000,1.000200,15.000000,1.000400,951.000000
1759175672.7014174,177366633793,0.999300,12924.000000,0.999200,88457.000000,0.999100,20433.000000,0.999000,2401.000000,0.998900,5104.000000,0.998800,19.000000,0.998700,678.000000,0.998600,20970.000000,0.998500,50061.000000,0.998400,91.000000,0.999400,9818.000000,0.999500,13987.000000,0.999600,42410.000000,0.999700,85502.000000,0.999800,11699.000000,0.999900,10007.000000,1.000000,2133.000000,1.000100,873.000000,1.000200,15.000000,1.000400,951.000000
1759175676.2099655,177366694286,0.999300,12924.000000,0.999200,88457.000000,0.999100,20433.000000,0.999000,2401.000000,0.998900,5094.000000,0.998800,19.000000,0.998700,678.000000,0.998600,20970.000000,0.998500,50061.000000,0.998400,91.000000,0.999400,9818.000000,0.999500,13987.000000,0.999600,42410.000000,0.999700,85502.000000,0.999800,11699.000000,0.999900,10007.000000,1.000000,2133.000000,1.000100,873.000000,1.000200,15.000000,1.000400,951.000000
1759175678.3724265,177366729108,0.999300,12924.000000,0.999200,88457.000000,0.999100,20433.000000,0.999000,2401.000000,0.998900,5094.000000,0.998800,19.000000,0.998700,678.000000,0.998600,20970.000000,0.998500,50061.000000,0.998400,91.000000,0.999400,9818.000000,0.999500,113987.000000,0.999600,42410.000000,0.999700,85502.000000,0.999800,11699.000000,0.999900,10007.000000,1.000000,2133.000000,1.000100,873.000000,1.000200,15.000000,1.000400,951.000000
1759175679.7029681,177366751904,0.999300,12924.000000,0.999200,88457.000000,0.999100,20433.000000,0.999000,2401.000000,0.998900,5104.000000,0.998800,19.000000,0.998700,678.000000,0.998600,20970.000000,0.998500,50061.000000,0.998400,91.000000,0.999400,9818.000000,0.999500,113987.000000,0.999600,42410.000000,0.999700,85502.000000,0.999800,11699.000000,0.999900,10007.000000,1.000000,2133.000000,1.000100,873.000000,1.000200,15.000000,1.000400,951.000000
1759175680.9044523,177366772738,0.999300,12924.000000,0.999200,88457.000000,0.999100,20433.000000,0.999000,2401.000000,0.998900,5104.000000,0.998800,19.000000,0.998700,678.000000,0.998600,20970.000000,0.998500,50061.000000,0.998400,91.000000,0.999400,9812.000000,0.999500,113987.000000,0.999600,42410.000000,0.999700,85502.000000,0.999800,11699.000000,0.999900,10007.000000,1.000000,2133.000000,1.000100,873.000000,1.000200,15.000000,1.000400,951.000000
1759175681.4980564,177366782380,0.999300,12924.000000,0.999200,88457.000000,0.999100,10433.000000,0.999000,2401.000000,0.998900,5104.000000,0.998800,19.000000,0.998700,678.000000,0.998600,20970.000000,0.998500,50061.000000,0.998400,91.000000,0.999400,9812.000000,0.999500,113987.000000,0.999600,42410.000000,0.999700,85502.000000,0.999800,11699.000000,0.999900,10007.000000,1.000000,2133.000000,1.000100,873.000000,1.000200,15.000000,1.000400,951.000000
1759175683.2052937,177366809529,0.999300,12924.000000,0.999200,88457.000000,0.999100,10433.000000,0.999000,2401.000000,0.998900,5094.000000,0.998800,19.000000,0.998700,678.000000,0.998600,20970.000000,0.998500,50061.000000,0.998400,91.000000,0.999400,9812.000000,0.999500,113987.000000,0.999600,42410.000000,0.999700,85502.000000,0.999800,11699.000000,0.999900,10007.000000,1.000000,2133.000000,1.000100,873.000000,1.000200,15.000000,1.000400,951.000000
1759175688.7374287,177366894717,0.999300,12918.000000,0.999200,88457.000000,0.999100,10433.000000,0.999000,2401.000000,0.998900,5094.000000,0.998800,19.000000,0.998700,678.000000,0.998600,20970.000000,0.998500,50061.000000,0.998400,91.000000,0.999400,9812.000000,0.999500,113987.000000,0.999600,42410.000000,0.999700,85502.000000,0.999800,11699.000000,0.999900,10007.000000,1.000000,2133.000000,1.000100,873.000000,1.000200,15.000000,1.000400,951.000000
1759175690.9730022,177366932178,0.999300,12918.000000,0.999200,88457.000000,0.999100,10433.000000,0.999000,2401.000000,0.998900,5094.000000,0.998800,19.000000,0.998700,678.000000,0.998600,20970.000000,0.998500,50061.000000,0.998400,91.000000,0.999400,9803.000000,0.999500,113987.000000,0.999600,42410.000000,0.999700,85502.000000,0.999800,11699.000000,0.999900,10007.000000,1.000000,2133.000000,1.000100,873.000000,1.000200,15.000000,1.000400,951.000000
1759175691.727041,177366943714,0.999300,12909.000000,0.999200,88457.000000,0.999100,10433.000000,0.999000,2401.000000,0.998900,5094.000000,0.998800,19.000000,0.998700,678.000000,0.998600,20970.000000,0.998500,50061.000000,0.998400,91.000000,0.999400,9803.000000,0.999500,113987.000000,0.999600,42410.000000,0.999700,85502.000000,0.999800,11699.000000,0.999900,10007.000000,1.000000,2133.000000,1.000100,873.000000,1.000200,15.000000,1.000400,951.000000
1759175694.8862364,177366993053,0.999300,12909.000000,0.999200,88457.000000,0.999100,10433.000000,0.999000,2401.000000,0.998900,5094.000000,0.998800,19.000000,0.998700,678.000000,0.998600,20970.000000,0.998500,50061.000000,0.998400,91.000000,0.999400,9794.000000,0.999500,113987.000000,0.999600,42410.000000,0.999700,85502.000000,0.999800,11699.000000,0.999900,10007.000000,1.000000,2133.000000,1.000100,873.000000,1.000200,15.000000,1.000400,951.000000
1759175696.6007867,177367020053,0.999300,12903.000000,0.999200,88457.000000,0.999100,10433.000000,0.999000,2401.000000,0.998900,5094.000000,0.998800,19.000000,0.998700,678.000000,0.998600,20970.000000,0.998500,50061.000000,0.998400,91.000000,0.999400,9794.000000,0.999500,113987.000000,0.999600,42410.000000,0.999700,85502.000000,0.999800,11699.000000,0.999900,10007.000000,1.000000,2133.000000,1.000100,873.000000,1.000200,15.000000,1.000400,951.000000
1759175698.4610562,177367049763,0.999300,12903.000000,0.999200,88457.000000,0.999100,10433.000000,0.999000,2401.000000,0.998900,5104.000000,0.998800,19.000000,0.998700,678.000000,0.998600,20970.000000,0.998500,50061.000000,0.998400,91.000000,0.999400,9794.000000,0.999500,113987.000000,0.999600,42410.000000,0.999700,85502.000000,0.999800,11699.000000,0.999900,10007.000000,1.000000,2133.000000,1.000100,873.000000,1.000200,15.000000,1.000400,951.000000
1759175702.6753688,177367134579,0.999300,12903.000000,0.999200,88457.000000,0.999100,10433.000000,0.999000,2401.000000,0.998900,5104.000000,0.998800,19.000000,0.998700,678.000000,0.998600,20970.000000,0.998500,50061.000000,0.998400,91.000000,0.999400,9777.000000,0.999500,113987.000000,0.999600,42410.000000,0.999700,85502.000000,0.999800,11699.000000,0.999900,10007.000000,1.000000,2133.000000,1.000100,873.000000,1.000200,15.000000,1.000400,951.000000
1759175704.4917173,177367163943,0.999300,12903.000000,0.999200,88457.000000,0.999100,10433.000000,0.999000,2401.000000,0.998900,5104.000000,0.998800,19.000000,0.998700,678.000000,0.998600,20970.000000,0.998500,50061.000000,0.998400,91.000000,0.999400,9771.000000,0.999500,113987.000000,0.999600,42410.000000,0.999700,85502.000000,0.999800,11699.000000,0.999900,10007.000000,1.000000,2133.000000,1.000100,873.000000,1.000200,15.000000,1.000400,951.000000
1759175706.0204275,177367191816,0.999300,12903.000000,0.999200,88457.000000,0.999100,10433.000000,0.999000,2401.000000,0.998900,5104.000000,0.998800,19.000000,0.998700,678.000000,0.998600,20970.000000,0.998500,50061.000000,0.998400,91.000000,0.999400,9763.000000,0.999500,113987.000000,0.999600,42410.000000,0.999700,85502.000000,0.999800,11699.000000,0.999900,10007.000000,1.000000,2133.000000,1.000100,873.000000,1.000200,15.000000,1.000400,951.000000
1759175710.2078707,177367265870,0.999300,12903.000000,0.999200,88457.000000,0.999100,10433.000000,0.999000,2401.000000,0.998900,5094.000000,0.998800,19.000000,0.998700,678.000000,0.998600,20970.000000,0.998500,50061.000000,0.998400,91.000000,0.999400,9763.000000,0.999500,113987.000000,0.999600,42410.000000,0.999700,85502.000000,0.999800,11699.000000,0.999900,10007.000000,1.000000,2133.000000,1.000100,873.000000,1.000200,15.000000,1.000400,951.000000
1759175720.9022598,177367438699,0.999300,12894.000000,0.999200,88457.000000,0.999100,10433.000000,0.999000,2401.000000,0.998900,5094.000000,0.998800,19.000000,0.998700,678.000000,0.998600,20970.000000,0.998500,50061.000000,0.998400,91.000000,0.999400,9757.000000,0.999500,113987.000000,0.999600,42410.000000,0.999700,85502.000000,0.999800,11699.000000,0.999900,10007.000000,1.000000,2133.000000,1.000100,873.000000,1.000200,15.000000,1.000400,951.000000
1759175721.7080991,177367450057,0.999300,12885.000000,0.999200,88457.000000,0.999100,10433.000000,0.999000,2401.000000,0.998900,5094.000000,0.998800,19.000000,0.998700,678.000000,0.998600,20970.000000,0.998500,50061.000000,0.998400,91.000000,0.999400,9757.000000,0.999500,113987.000000,0.999600,42410.000000,0.999700,85502.000000,0.999800,11699.000000,0.999900,10007.000000,1.000000,2133.000000,1.000100,873.000000,1.000200,15.000000,1.000400,951.000000
1759175723.7009063,177367488317,0.999300,12885.000000,0.999200,88457.000000,0.999100,10433.000000,0.999000,2401.000000,0.998900,5104.000000,0.998800,19.000000,0.998700,678.000000,0.998600,20970.000000,0.998500,50061.000000,0.998400,91.000000,0.999400,9757.000000,0.999500,113987.000000,0.999600,42410.000000,0.999700,85502.000000,0.999800,11699.000000,0.999900,10007.000000,1.000000,2133.000000,1.000100,873.000000,1.000200,15.000000,1.000400,951.000000
1759175726.576625,177367541133,0.999300,12879.000000,0.999200,88457.000000,0.999100,10433.000000,0.999000,2401.000000,0.998900,5104.000000,0.998800,19.000000,0.998700,678.000000,0.998600,20970.000000,0.998500,50061.000000,0.998400,91.000000,0.999400,9757.000000,0.999500,113987.000000,0.999600,42410.000000,0.999700,85502.000000,0.999800,11699.000000,0.999900,10007.000000,1.000000,2133.000000,1.000100,873.000000,1.000200,15.000000,1.000400,951.000000
1759175727.2075849,177367554118,0.999300,12870.000000,0.999200,88457.000000,0.999100,10433.000000,0.999000,2401.000000,0.998900,5094.000000,0.998800,19.000000,0.998700,678.000000,0.998600,20970.000000,0.998500,50061.000000,0.998400,91.000000,0.999400,9757.000000,0.999500,113987.000000,0.999600,42410.000000,0.999700,85502.000000,0.999800,11699.000000,0.999900,10007.000000,1.000000,2133.000000,1.000100,873.000000,1.000200,15.000000,1.000400,951.000000
1759175730.7379541,177367609698,0.999300,12862.000000,0.999200,88457.000000,0.999100,10433.000000,0.999000,2401.000000,0.998900,5094.000000,0.998800,19.000000,0.998700,678.000000,0.998600,20970.000000,0.998500,50061.000000,0.998400,91.000000,0.999400,9757.000000,0.999500,113987.000000,0.999600,42410.000000,0.999700,85502.000000,0.999800,11699.000000,0.999900,10007.000000,1.000000,2133.000000,1.000100,873.000000,1.000200,15.000000,1.000400,951.000000
1759175730.9883974,177367614731,0.999300,12862.000000,0.999200,88457.000000,0.999100,10433.000000,0.999000,2401.000000,0.998900,5094.000000,0.998800,19.000000,0.998700,678.000000,0.998600,20970.000000,0.998500,50061.000000,0.998400,91.000000,0.999400,9751.000000,0.999500,113987.000000,0.999600,42410.000000,0.999700,85502.000000,0.999800,11699.000000,0.999900,10007.000000,1.000000,2133.000000,1.000100,873.000000,1.000200,15.000000,1.000400,951.000000
1759175733.7007272,177367660949,0.999300,12862.000000,0.999200,88457.000000,0.999100,10433.000000,0.999000,2401.000000,0.998900,5104.000000,0.998800,19.000000,0.998700,678.000000,0.998600,20970.000000,0.998500,50061.000000,0.998400,91.000000,0.999400,9751.000000,0.999500,113987.000000,0.999600,42410.000000,0.999700,85502.000000,0.999800,11699.000000,0.999900,10007.000000,1.000000,2133.000000,1.000100,873.000000,1.000200,15.000000,1.000400,951.000000
1759175735.9220235,177367697999,0.999300,12862.000000,0.999200,88457.000000,0.999100,10433.000000,0.999000,2401.000000,0.998900,5104.000000,0.998800,19.000000,0.998700,678.000000,0.998600,20970.000000,0.998500,50061.000000,0.998400,91.000000,0.999400,9745.000000,0.999500,113987.000000,0.999600,42410.000000,0.999700,85502.000000,0.999800,11699.000000,0.999900,10007.000000,1.000000,2133.000000,1.000100,873.000000,1.000200,15.000000,1.000400,951.000000
1759175742.5976598,177367805015,0.999300,12856.000000,0.999200,88457.000000,0.999100,10433.000000,0.999000,2401.000000,0.998900,5104.000000,0.998800,19.000000,0.998700,678.000000,0.998600,20970.000000,0.998500,50061.000000,0.998400,91.000000,0.999400,9745.000000,0.999500,113987.000000,0.999600,42410.000000,0.999700,85502.000000,0.999800,11699.000000,0.999900,10007.000000,1.000000,2133.000000,1.000100,873.000000,1.000200,15.000000,1.000400,951.000000
1759175744.206223,177367830330,0.999300,12856.000000,0.999200,88457.000000,0.999100,10433.000000,0.999000,2401.000000,0.998900,5094.000000,0.998800,19.000000,0.998700,678.000000,0.998600,20970.000000,0.998500,50061.000000,0.998400,91.000000,0.999400,9745.000000,0.999500,113987.000000,0.999600,42410.000000,0.999700,85502.000000,0.999800,11699.000000,0.999900,10007.000000,1.000000,2133.000000,1.000100,873.000000,1.000200,15.000000,1.000400,951.000000
1759175746.2318757,177367862130,0.999300,12856.000000,0.999200,88457.000000,0.999100,10433.000000,0.999000,2401.000000,0.998900,5094.000000,0.998800,19.000000,0.998700,678.000000,0.998600,20970.000000,0.998500,50061.000000,0.998400,91.000000,0.999400,11381.000000,0.999500,113987.000000,0.999600,42410.000000,0.999700,85502.000000,0.999800,11699.000000,0.999900,10007.000000,1.000000,2133.000000,1.000100,873.000000,1.000200,15.000000,1.000400,951.000000
1759175747.3493888,177367880957,0.999300,12856.000000,0.999200,88457.000000,0.999100,10433.000000,0.999000,2401.000000,0.998900,5094.000000,0.998800,19.000000,0.998700,678.000000,0.998600,20970.000000,0.998500,50061.000000,0.998400,91.000000,0.999400,11352.000000,0.999500,113987.000000,0.999600,42410.000000,0.999700,85502.000000,0.999800,11699.000000,0.999900,10007.000000,1.000000,2133.000000,1.000100,873.000000,1.000200,15.000000,1.000400,951.000000
1759175750.0063798,177367923330,0.999300,12827.000000,0.999200,88457.000000,0.999100,10433.000000,0.999000,2401.000000,0.998900,5094.000000,0.998800,19.000000,0.998700,678.000000,0.998600,20970.000000,0.998500,50061.000000,0.998400,91.000000,0.999400,11352.000000,0.999500,113987.000000,0.999600,42410.000000,0.999700,85502.000000,0.999800,11699.000000,0.999900,10007.000000,1.000000,2133.000000,1.000100,873.000000,1.000200,15.000000,1.000400,951.000000
1759175751.7920732,177367951386,0.999300,12827.000000,0.999200,88457.000000,0.999100,10433.000000,0.999000,2401.000000,0.998900,5104.000000,0.998800,19.000000,0.998700,678.000000,0.998600,20970.000000,0.998500,50061.000000,0.998400,91.000000,0.999400,11352.000000,0.999500,113987.000000,0.999600,42410.000000,0.999700,85502.000000,0.999800,11699.000000,0.999900,10007.000000,1.000000,2133.000000,1.000100,873.000000,1.000200,15.000000,1.000400,951.000000
1759175754.0804412,177367986420,0.999300,12827.000000,0.999200,88457.000000,0.999100,10433.000000,0.999000,2401.000000,0.998900,5104.000000,0.998800,19.000000,0.998700,678.000000,0.998600,20970.000000,0.998500,50061.000000,0.998400,91.000000,0.999400,11323.000000,0.999500,113987.000000,0.999600,42410.000000,0.999700,85502.000000,0.999800,11699.000000,0.999900,10007.000000,1.000000,2133.000000,1.000100,873.000000,1.000200,15.000000,1.000400,951.000000
1759175754.8848033,177367998812,0.999300,12827.000000,0.999200,88457.000000,0.999100,10433.000000,0.999000,2401.000000,0.998900,5104.000000,0.998800,19.000000,0.998700,678.000000,0.998600,20970.000000,0.998500,50061.000000,0.998400,91.000000,0.999400,11314.000000,0.999500,113987.000000,0.999600,42410.000000,0.999700,85502.000000,0.999800,11699.000000,0.999900,10007.000000,1.000000,2133.000000,1.000100,873.000000,1.000200,15.000000,1.000400,951.000000
1759175755.996373,177368015785,0.999300,12798.000000,0.999200,88457.000000,0.999100,10433.000000,0.999000,2401.000000,0.998900,5104.000000,0.998800,19.000000,0.998700,678.000000,0.998600,20970.000000,0.998500,50061.000000,0.998400,91.000000,0.999400,11314.000000,0.999500,113987.000000,0.999600,42410.000000,0.999700,85502.000000,0.999800,11699.000000,0.999900,10007.000000,1.000000,2133.000000,1.000100,873.000000,1.000200,15.000000,1.000400,951.000000
1759175760.172281,177368080600,0.999300,12798.000000,0.999200,88457.000000,0.999100,10433.000000,0.999000,2401.000000,0.998900,5104.000000,0.998800,19.000000,0.998700,678.000000,0.998600,20970.000000,0.998500,50061.000000,0.998400,91.000000,0.999400,11285.000000,0.999500,113987.000000,0.999600,42410.000000,0.999700,85502.000000,0.999800,11699.000000,0.999900,10007.000000,1.000000,2133.000000,1.000100,873.000000,1.000200,15.000000,1.000400,951.000000
1759175761.519655,177368106514,0.999300,12798.000000,0.999200,88457.000000,0.999100,10433.000000,0.999000,2401.000000,0.998900,5104.000000,0.998800,19.000000,0.998700,678.000000,0.998600,20970.000000,0.998500,50061.000000,0.998400,91.000000,0.999400,11268.000000,0.999500,113987.000000,0.999600,42410.000000,0.999700,85502.000000,0.999800,11699.000000,0.999900,10007.000000,1.000000,2133.000000,1.000100,873.000000,1.000200,15.000000,1.000400,951.000000
1759175762.4727604,177368126439,0.999300,12769.000000,0.999200,88457.000000,0.999100,10433.000000,0.999000,2401.000000,0.998900,5104.000000,0.998800,19.000000,0.998700,678.000000,0.998600,20970.000000,0.998500,50061.000000,0.998400,91.000000,0.999400,11268.000000,0.999500,113987.000000,0.999600,42410.000000,0.999700,85502.000000,0.999800,11699.000000,0.999900,10007.000000,1.000000,2133.000000,1.000100,873.000000,1.000200,15.000000,1.000400,951.000000
1759175765.0544136,177368171413,0.999300,12769.000000,0.999200,88457.000000,0.999100,10433.000000,0.999000,2401.000000,0.998900,5104.000000,0.998800,19.000000,0.998700,678.000000,0.998600,20970.000000,0.998500,50061.000000,0.998400,91.000000,0.999400,9623.000000,0.999500,113987.000000,0.999600,42410.000000,0.999700,85502.000000,0.999800,11699.000000,0.999900,10007.000000,1.000000,2133.000000,1.000100,873.000000,1.000200,15.000000,1.000400,951.000000
1759175765.7603333,177368183019,0.999300,12769.000000,0.999200,88457.000000,0.999100,10433.000000,0.999000,2401.000000,0.998900,5104.000000,0.998800,19.000000,0.998700,678.000000,0.998600,20970.000000,0.998500,50061.000000,0.998400,91.000000,0.999400,9617.000000,0.999500,113987.000000,0.999600,42410.000000,0.999700,85502.000000,0.999800,11699.000000,0.999900,10007.000000,1.000000,2133.000000,1.000100,873.000000,1.000200,15.000000,1.000400,951.000000
1759175766.32675,177368193350,0.999300,12763.000000,0.999200,88457.000000,0.999100,10433.000000,0.999000,2401.000000,0.998900,5104.000000,0.998800,19.000000,0.998700,678.000000,0.998600,20970.000000,0.998500,50061.000000,0.998400,91.000000,0.999400,9617.000000,0.999500,113987.000000,0.999600,42410.000000,0.999700,85502.000000,0.999800,11699.000000,0.999900,10007.000000,1.000000,2133.000000,1.000100,873.000000,1.000200,15.000000,1.000400,951.000000
1759175766.8651304,177368201836,0.999300,12763.000000,0.999200,88457.000000,0.999100,10433.000000,0.999000,2401.000000,0.998900,5104.000000,0.998800,19.000000,0.998700,678.000000,0.998600,20970.000000,0.998500,50061.000000,0.998400,91.000000,0.999400,9588.000000,0.999500,113987.000000,0.999600,42410.000000,0.999700,85502.000000,0.999800,11699.000000,0.999900,10007.000000,1.000000,2133.000000,1.000100,873.000000,1.000200,15.000000,1.000400,951.000000
1759175768.106916,177368221201,0.999300,12755.000000,0.999200,88457.000000,0.999100,10433.000000,0.999000,2401.000000,0.998900,5104.000000,0.998800,19.000000,0.998700,678.000000,0.998600,20970.000000,0.998500,50061.000000,0.998400,91.000000,0.999400,9588.000000,0.999500,113987.000000,0.999600,42410.000000,0.999700,85502.000000,0.999800,11699.000000,0.999900,10007.000000,1.000000,2133.000000,1.000100,873.000000,1.000200,15.000000,1.000400,951.000000
1759175768.4915392,177368226956,0.999300,12749.000000,0.999200,88457.000000,0.999100,10433.000000,0.999000,2401.000000,0.998900,5104.000000,0.998800,19.000000,0.998700,678.000000,0.998600,20970.000000,0.998500,50061.000000,0.998400,91.000000,0.999400,9588.000000,0.999500,113987.000000,0.999600,42410.000000,0.999700,85502.000000,0.999800,11699.000000,0.999900,10007.000000,1.000000,2133.000000,1.000100,873.000000,1.000200,15.000000,1.000400,951.000000
1759175769.3124506,177368239017,0.999300,12720.000000,0.999200,88457.000000,0.999100,10433.000000,0.999000,2401.000000,0.998900,5104.000000,0.998800,19.000000,0.998700,678.000000,0.998600,20970.000000,0.998500,50061.000000,0.998400,91.000000,0.999400,9588.000000,0.999500,113987.000000,0.999600,42410.000000,0.999700,85502.000000,0.999800,11699.000000,0.999900,10007.000000,1.000000,2133.000000,1.000100,873.000000,1.000200,15.000000,1.000400,951.000000
1759175770.0749645,177368252516,0.999300,12711.000000,0.999200,88457.000000,0.999100,10433.000000,0.999000,2401.000000,0.998900,5094.000000,0.998800,19.000000,0.998700,678.000000,0.998600,20970.000000,0.998500,50061.000000,0.998400,91.000000,0.999400,9588.000000,0.999500,113987.000000,0.999600,42410.000000,0.999700,85502.000000,0.999800,11699.000000,0.999900,10007.000000,1.000000,2133.000000,1.000100,873.000000,1.000200,15.000000,1.000400,951.000000
1759175771.785234,177368277062,0.999300,13411.000000,0.999200,88457.000000,0.999100,10433.000000,0.999000,2401.000000,0.998900,5094.000000,0.998800,19.000000,0.998700,678.000000,0.998600,20970.000000,0.998500,50061.000000,0.998400,91.000000,0.999400,9588.000000,0.999500,113987.000000,0.999600,42410.000000,0.999700,85502.000000,0.999800,11699.000000,0.999900,10007.000000,1.000000,2133.000000,1.000100,873.000000,1.000200,15.000000,1.000400,951.000000
1759175772.2265637,177368283418,0.999300,13411.000000,0.999200,88457.000000,0.999100,10433.000000,0.999000,2401.000000,0.998900,5094.000000,0.998800,19.000000,0.998700,678.000000,0.998600,20970.000000,0.998500,50061.000000,0.998400,91.000000,0.999400,9624.000000,0.999500,113987.000000,0.999600,42410.000000,0.999700,85502.000000,0.999800,11699.000000,0.999900,10007.000000,1.000000,2133.000000,1.000100,873.000000,1.000200,15.000000,1.000400,951.000000
1759175773.2016113,177368302084,0.999300,13411.000000,0.999200,88457.000000,0.999100,10433.000000,0.999000,2401.000000,0.998900,5104.000000,0.998800,19.000000,0.998700,678.000000,0.998600,20970.000000,0.998500,50061.000000,0.998400,91.000000,0.999400,9595.000000,0.999500,113987.000000,0.999600,42410.000000,0.999700,85502.000000,0.999800,11699.000000,0.999900,10007.000000,1.000000,2133.000000,1.000100,873.000000,1.000200,15.000000,1.000400,951.000000
1759175775.3312402,177368332096,0.999300,13382.000000,0.999200,88457.000000,0.999100,10433.000000,0.999000,2401.000000,0.998900,5104.000000,0.998800,19.000000,0.998700,678.000000,0.998600,20970.000000,0.998500,50061.000000,0.998400,91.000000,0.999400,9595.000000,0.999500,113987.000000,0.999600,42410.000000,0.999700,85502.000000,0.999800,11699.000000,0.999900,10007.000000,1.000000,2133.000000,1.000100,873.000000,1.000200,15.000000,1.000400,951.000000
1759175779.6907601,177368403880,0.999300,13382.000000,0.999200,88457.000000,0.999100,10433.000000,0.999000,2401.000000,0.998900,5104.000000,0.998800,19.000000,0.998700,678.000000,0.998600,20970.000000,0.998500,50061.000000,0.998400,91.000000,0.999400,9566.000000,0.999500,113987.000000,0.999600,42410.000000,0.999700,85502.000000,0.999800,11699.000000,0.999900,10007.000000,1.000000,2133.000000,1.000100,873.000000,1.000200,15.000000,1.000400,951.000000
1759175780.2075746,177368412100,0.999300,13382.000000,0.999200,88457.000000,0.999100,10433.000000,0.999000,2401.000000,0.998900,5094.000000,0.998800,19.000000,0.998700,678.000000,0.998600,20970.000000,0.998500,50061.000000,0.998400,91.000000,0.999400,9566.000000,0.999500,113987.000000,0.999600,42410.000000,0.999700,85502.000000,0.999800,11699.000000,0.999900,10007.000000,1.000000,2133.000000,1.000100,873.000000,1.000200,15.000000,1.000400,951.000000
1759175780.4626682,177368415960,0.999300,13382.000000,0.999200,88457.000000,0.999100,10433.000000,0.999000,2401.000000,0.998900,5094.000000,0.998800,19.000000,0.998700,678.000000,0.998600,20970.000000,0.998500,50061.000000,0.998400,91.000000,0.999400,9530.000000,0.999500,113987.000000,0.999600,42410.000000,0.999700,85502.000000,0.999800,11699.000000,0.999900,10007.000000,1.000000,2133.000000,1.000100,873.000000,1.000200,15.000000,1.000400,951.000000
1759175781.611956,177368434236,0.999300,13353.000000,0.999200,88457.000000,0.999100,10433.000000,0.999000,2401.000000,0.998900,5094.000000,0.998800,19.000000,0.998700,678.000000,0.998600,20970.000000,0.998500,50061.000000,0.998400,91.000000,0.999400,9530.000000,0.999500,113987.000000,0.999600,42410.000000,0.999700,85502.000000,0.999800,11699.000000,0.999900,10007.000000,1.000000,2133.000000,1.000100,873.000000,1.000200,15.000000,1.000400,951.000000
1759175783.7108955,177368468299,0.999300,13353.000000,0.999200,88457.000000,0.999100,10433.000000,0.999000,2401.000000,0.998900,5104.000000,0.998800,19.000000,0.998700,678.000000,0.998600,20970.000000,0.998500,50061.000000,0.998400,91.000000,0.999400,9530.000000,0.999500,113987.000000,0.999600,42410.000000,0.999700,85502.000000,0.999800,11699.000000,0.999900,10007.000000,1.000000,2133.000000,1.000100,873.000000,1.000200,15.000000,1.000400,951.000000
1759175785.390826,177368495678,0.999300,13353.000000,0.999200,88457.000000,0.999100,10433.000000,0.999000,2401.000000,0.998900,5104.000000,0.998800,19.000000,0.998700,678.000000,0.998600,20970.000000,0.998500,50061.000000,0.998400,91.000000,0.999400,9501.000000,0.999500,113987.000000,0.999600,42410.000000,0.999700,85502.000000,0.999800,11699.000000,0.999900,10007.000000,1.000000,2133.000000,1.000100,873.000000,1.000200,15.000000,1.000400,951.000000
1759175787.2204072,177368527221,0.999300,13324.000000,0.999200,88457.000000,0.999100,10433.000000,0.999000,2401.000000,0.998900,5094.000000,0.998800,19.000000,0.998700,678.000000,0.998600,20970.000000,0.998500,50061.000000,0.998400,91.000000,0.999400,9501.000000,0.999500,113987.000000,0.999600,42410.000000,0.999700,85502.000000,0.999800,11699.000000,0.999900,10007.000000,1.000000,2133.000000,1.000100,873.000000,1.000200,15.000000,1.000400,951.000000
1759175787.8126986,177368538451,0.999300,13307.000000,0.999200,88457.000000,0.999100,10433.000000,0.999000,2401.000000,0.998900,5094.000000,0.998800,19.000000,0.998700,678.000000,0.998600,20970.000000,0.998500,50061.000000,0.998400,91.000000,0.999400,9501.000000,0.999500,113987.000000,0.999600,42410.000000,0.999700,85502.000000,0.999800,11699.000000,0.999900,10007.000000,1.000000,2133.000000,1.000100,873.000000,1.000200,15.000000,1.000400,951.000000
1759175789.8268645,177368571602,0.999300,13298.000000,0.999200,88457.000000,0.999100,10433.000000,0.999000,2401.000000,0.998900,5094.000000,0.998800,19.000000,0.998700,678.000000,0.998600,20970.000000,0.998500,50061.000000,0.998400,91.000000,0.999400,9501.000000,0.999500,113987.000000,0.999600,42410.000000,0.999700,85502.000000,0.999800,11699.000000,0.999900,10007.000000,1.000000,2133.000000,1.000100,873.000000,1.000200,15.000000,1.000400,951.000000
1759175790.3938484,177368583013,0.999300,13298.000000,0.999200,88457.000000,0.999100,10433.000000,0.999000,2401.000000,0.998900,5094.000000,0.998800,19.000000,0.998700,678.000000,0.998600,20970.000000,0.998500,50061.000000,0.998400,91.000000,0.999400,7861.000000,0.999500,113987.000000,0.999600,42410.000000,0.999700,85502.000000,0.999800,11699.000000,0.999900,10007.000000,1.000000,2133.000000,1.000100,873.000000,1.000200,15.000000,1.000400,951.000000
1759175790.7014976,177368588525,0.999300,13298.000000,0.999200,88457.000000,0.999100,10433.000000,0.999000,2401.000000,0.998900,5104.000000,0.998800,19.000000,0.998700,678.000000,0.998600,20970.000000,0.998500,50061.000000,0.998400,91.000000,0.999400,7861.000000,0.999500,113987.000000,0.999600,42410.000000,0.999700,85502.000000,0.999800,11699.000000,0.999900,10007.000000,1.000000,2133.000000,1.000100,873.000000,1.000200,15.000000,1.000400,951.000000
1759175795.912609,177368677024,0.999300,13298.000000,0.999200,88457.000000,0.999100,10433.000000,0.999000,2401.000000,0.998900,5104.000000,0.998800,19.000000,0.998700,678.000000,0.998600,20970.000000,0.998500,50061.000000,0.998400,91.000000,0.999400,7855.000000,0.999500,113987.000000,0.999600,42410.000000,0.999700,85502.000000,0.999800,11699.000000,0.999900,10007.000000,1.000000,2133.000000,1.000100,873.000000,1.000200,15.000000,1.000400,951.000000
1759175797.2066097,177368697301,0.999300,13298.000000,0.999200,88457.000000,0.999100,10433.000000,0.999000,2401.000000,0.998900,5094.000000,0.998800,19.000000,0.998700,678.000000,0.998600,20970.000000,0.998500,50061.000000,0.998400,91.000000,0.999400,7855.000000,0.999500,113987.000000,0.999600,42410.000000,0.999700,85502.000000,0.999800,11699.000000,0.999900,10007.000000,1.000000,2133.000000,1.000100,873.000000,1.000200,15.000000,1.000400,951.000000
1759175798.1806114,177368712703,0.999300,13298.000000,0.999200,88457.000000,0.999100,10433.000000,0.999000,2401.000000,0.998900,5094.000000,0.998800,19.000000,0.998700,678.000000,0.998600,20970.000000,0.998500,50061.000000,0.998400,91.000000,0.999400,9495.000000,0.999500,113987.000000,0.999600,42410.000000,0.999700,85502.000000,0.999800,11699.000000,0.999900,10007.000000,1.000000,2133.000000,1.000100,873.000000,1.000200,15.000000,1.000400,951.000000
1759175798.6469288,177368719774,0.999300,13292.000000,0.999200,88457.000000,0.999100,10433.000000,0.999000,2401.000000,0.998900,5094.000000,0.998800,19.000000,0.998700,678.000000,0.998600,20970.000000,0.998500,50061.000000,0.998400,91.000000,0.999400,9495.000000,0.999500,113987.000000,0.999600,42410.000000,0.999700,85502.000000,0.999800,11699.000000,0.999900,10007.000000,1.000000,2133.000000,1.000100,873.000000,1.000200,15.000000,1.000400,951.000000
1759175800.7110271,177368752127,0.999300,13292.000000,0.999200,88457.000000,0.999100,10433.000000,0.999000,2401.000000,0.998900,5104.000000,0.998800,19.000000,0.998700,678.000000,0.998600,20970.000000,0.998500,50061.000000,0.998400,91.000000,0.999400,9495.000000,0.999500,113987.000000,0.999600,42410.000000,0.999700,85502.000000,0.999800,11699.000000,0.999900,10007.000000,1.000000,2133.000000,1.000100,873.000000,1.000200,15.000000,1.000400,951.000000
1759175803.4444666,177368794591,0.999300,11652.000000,0.999200,88457.000000,0.999100,10433.000000,0.999000,2401.000000,0.998900,5104.000000,0.998800,19.000000,0.998700,678.000000,0.998600,20970.000000,0.998500,50061.000000,0.998400,91.000000,0.999400,7855.000000,0.999500,113987.000000,0.999600,42410.000000,0.999700,85502.000000,0.999800,11699.000000,0.999900,10007.000000,1.000000,2133.000000,1.000100,873.000000,1.000200,15.000000,1.000400,951.000000
1759175804.2075298,177368806574,0.999300,11652.000000,0.999200,88457.000000,0.999100,10433.000000,0.999000,2401.000000,0.998900,5094.000000,0.998800,19.000000,0.998700,678.000000,0.998600,20970.000000,0.998500,50061.000000,0.998400,91.000000,0.999400,7855.000000,0.999500,113987.000000,0.999600,42410.000000,0.999700,85502.000000,0.999800,11699.000000,0.999900,10007.000000,1.000000,2133.000000,1.000100,873.000000,1.000200,15.000000,1.000400,951.000000
1759175811.7271402,177368925859,0.999300,11652.000000,0.999200,88457.000000,0.999100,10433.000000,0.999000,2401.000000,0.998900,5094.000000,0.998800,19.000000,0.998700,678.000000,0.998600,20970.000000,0.998500,50061.000000,0.998400,91.000000,0.999400,6247.000000,0.999500,113987.000000,0.999600,42410.000000,0.999700,85502.000000,0.999800,11699.000000,0.999900,10007.000000,1.000000,2133.000000,1.000100,873.000000,1.000200,15.000000,1.000400,951.000000
1759175814.8728616,177368974711,0.999300,11652.000000,0.999200,88457.000000,0.999100,10433.000000,0.999000,2401.000000,0.998900,5094.000000,0.998800,19.000000,0.998700,678.000000,0.998600,20970.000000,0.998500,50061.000000,0.998400,91.000000,0.999400,6238.000000,0.999500,113987.000000,0.999600,42410.000000,0.999700,85502.000000,0.999800,11699.000000,0.999900,10007.000000,1.000000,2133.000000,1.000100,873.000000,1.000200,15.000000,1.000400,951.000000
1759175818.4632537,177369033189,0.999300,11652.000000,0.999200,88457.000000,0.999100,10433.000000,0.999000,2401.000000,0.998900,5104.000000,0.998800,19.000000,0.998700,678.000000,0.998600,20970.000000,0.998500,50061.000000,0.998400,91.000000,0.999400,6238.000000,0.999500,113987.000000,0.999600,42410.000000,0.999700,85502.000000,0.999800,11699.000000,0.999900,10007.000000,1.000000,2133.000000,1.000100,873.000000,1.000200,15.000000,1.000400,951.000000
1759175820.5597298,177369066965,0.999300,10044.000000,0.999200,88457.000000,0.999100,10433.000000,0.999000,2401.000000,0.998900,5104.000000,0.998800,19.000000,0.998700,678.000000,0.998600,20970.000000,0.998500,50061.000000,0.998400,91.000000,0.999400,6238.000000,0.999500,113987.000000,0.999600,42410.000000,0.999700,85502.000000,0.999800,11699.000000,0.999900,10007.000000,1.000000,2133.000000,1.000100,873.000000,1.000200,15.000000,1.000400,951.000000
1759175822.4424088,177369097644,0.999300,10044.000000,0.999200,88457.000000,0.999100,10433.000000,0.999000,2401.000000,0.998900,5104.000000,0.998800,19.000000,0.998700,678.000000,0.998600,20970.000000,0.998500,50061.000000,0.998400,91.000000,0.999400,6230.000000,0.999500,113987.000000,0.999600,42410.000000,0.999700,85502.000000,0.999800,11699.000000,0.999900,10007.000000,1.000000,2133.000000,1.000100,873.000000,1.000200,15.000000,1.000400,951.000000
1759175823.3813496,177369118678,0.999300,10044.000000,0.999200,88457.000000,0.999100,10433.000000,0.999000,2401.000000,0.998900,5104.000000,0.998800,19.000000,0.998700,678.000000,0.998600,20970.000000,0.998500,50061.000000,0.998400,91.000000,0.999400,6223.000000,0.999500,113987.000000,0.999600,42410.000000,0.999700,85502.000000,0.999800,11699.000000,0.999900,10007.000000,1.000000,2133.000000,1.000100,873.000000,1.000200,15.000000,1.000400,951.000000
1759175828.8041961,177369211555,0.999300,10044.000000,0.999200,88457.000000,0.999100,10433.000000,0.999000,2401.000000,0.998900,5104.000000,0.998800,19.000000,0.998700,678.000000,0.998600,20970.000000,0.998500,50061.000000,0.998400,91.000000,0.999400,4647.000000,0.999500,113987.000000,0.999600,42410.000000,0.999700,85502.000000,0.999800,11699.000000,0.999900,10007.000000,1.000000,2133.000000,1.000100,873.000000,1.000200,15.000000,1.000400,951.000000
1759175829.7053666,177369227216,0.999300,10044.000000,0.999200,88457.000000,0.999100,10433.000000,0.999000,2401.000000,0.998900,5094.000000,0.998800,19.000000,0.998700,678.000000,0.998600,20970.000000,0.998500,50061.000000,0.998400,91.000000,0.999400,4647.000000,0.999500,113987.000000,0.999600,42410.000000,0.999700,85502.000000,0.999800,11699.000000,0.999900,10007.000000,1.000000,2133.000000,1.000100,873.000000,1.000200,15.000000,1.000400,951.000000
1759175833.2017853,177369283431,0.999300,10044.000000,0.999200,88457.000000,0.999100,10433.000000,0.999000,2401.000000,0.998900,5104.000000,0.998800,19.000000,0.998700,678.000000,0.998600,20970.000000,0.998500,50061.000000,0.998400,91.000000,0.999400,4647.000000,0.999500,113987.000000,0.999600,42410.000000,0.999700,85502.000000,0.999800,11699.000000,0.999900,10007.000000,1.000000,2133.000000,1.000100,873.000000,1.000200,15.000000,1.000400,951.000000
1759175836.437659,177369336116,0.999300,10044.000000,0.999200,88457.000000,0.999100,10433.000000,0.999000,2401.000000,0.998900,5104.000000,0.998800,19.000000,0.998700,678.000000,0.998600,20970.000000,0.998500,50061.000000,0.998400,91.000000,0.999400,4618.000000,0.999500,113987.000000,0.999600,42410.000000,0.999700,85502.000000,0.999800,11699.000000,0.999900,10007.000000,1.000000,2133.000000,1.000100,873.000000,1.000200,15.000000,1.000400,951.000000
1759175838.954456,177369375468,0.999300,8468.000000,0.999200,88457.000000,0.999100,10433.000000,0.999000,2401.000000,0.998900,5104.000000,0.998800,19.000000,0.998700,678.000000,0.998600,20970.000000,0.998500,50061.000000,0.998400,91.000000,0.999400,4618.000000,0.999500,113987.000000,0.999600,42410.000000,0.999700,85502.000000,0.999800,11699.000000,0.999900,10007.000000,1.000000,2133.000000,1.000100,873.000000,1.000200,15.000000,1.000400,951.000000
1759175839.3651655,177369383224,0.999300,8439.000000,0.999200,88457.000000,0.999100,10433.000000,0.999000,2401.000000,0.998900,5104.000000,0.998800,19.000000,0.998700,678.000000,0.998600,20970.000000,0.998500,50061.000000,0.998400,91.000000,0.999400,4618.000000,0.999500,113987.000000,0.999600,42410.000000,0.999700,85502.000000,0.999800,11699.000000,0.999900,10007.000000,1.000000,2133.000000,1.000100,873.000000,1.000200,15.000000,1.000400,951.000000
1759175840.2051163,177369398288,0.999300,8439.000000,0.999200,88457.000000,0.999100,10433.000000,0.999000,2401.000000,0.998900,5094.000000,0.998800,19.000000,0.998700,678.000000,0.998600,20970.000000,0.998500,50061.000000,0.998400,91.000000,0.999400,4618.000000,0.999500,113987.000000,0.999600,42410.000000,0.999700,85502.000000,0.999800,11699.000000,0.999900,10007.000000,1.000000,2133.000000,1.000100,873.000000,1.000200,15.000000,1.000400,951.000000
1759175840.9697604,177369410613,0.999300,8430.000000,0.999200,88457.000000,0.999100,10433.000000,0.999000,2401.000000,0.998900,5094.000000,0.998800,19.000000,0.998700,678.000000,0.998600,20970.000000,0.998500,50061.000000,0.998400,91.000000,0.999400,4618.000000,0.999500,113987.000000,0.999600,42410.000000,0.999700,85502.000000,0.999800,11699.000000,0.999900,10007.000000,1.000000,2133.000000,1.000100,873.000000,1.000200,15.000000,1.000400,951.000000
1759175844.0389,177369460109,0.999300,8430.000000,0.999200,88457.000000,0.999100,10433.000000,0.999000,2401.000000,0.998900,5094.000000,0.998800,19.000000,0.998700,678.000000,0.998600,20970.000000,0.998500,50061.000000,0.998400,91.000000,0.999400,4589.000000,0.999500,113987.000000,0.999600,42410.000000,0.999700,85502.000000,0.999800,11699.000000,0.999900,10007.000000,1.000000,2133.000000,1.000100,873.000000,1.000200,15.000000,1.000400,951.000000
1759175844.64229,177369469972,0.999300,8430.000000,0.999200,88457.000000,0.999100,10433.000000,0.999000,2401.000000,0.998900,5094.000000,0.998800,19.000000,0.998700,678.000000,0.998600,20970.000000,0.998500,50061.000000,0.998400,91.000000,0.999400,3043.000000,0.999500,113987.000000,0.999600,42410.000000,0.999700,85502.000000,0.999800,11699.000000,0.999900,10007.000000,1.000000,2133.000000,1.000100,873.000000,1.000200,15.000000,1.000400,951.000000
1759175845.9693363,177369492033,0.999300,8401.000000,0.999200,88457.000000,0.999100,10433.000000,0.999000,2401.000000,0.998900,5094.000000,0.998800,19.000000,0.998700,678.000000,0.998600,20970.000000,0.998500,50061.000000,0.998400,91.000000,0.999400,3043.000000,0.999500,113987.000000,0.999600,42410.000000,0.999700,85502.000000,0.999800,11699.000000,0.999900,10007.000000,1.000000,2133.000000,1.000100,873.000000,1.000200,15.000000,1.000400,951.000000
1759175850.2542436,177369561161,0.999300,6855.000000,0.999200,88457.000000,0.999100,10433.000000,0.999000,2401.000000,0.998900,5094.000000,0.998800,19.000000,0.998700,678.000000,0.998600,20970.000000,0.998500,50061.000000,0.998400,91.000000,0.999400,3014.000000,0.999500,113987.000000,0.999600,42410.000000,0.999700,85502.000000,0.999800,11699.000000,0.999900,10007.000000,1.000000,2133.000000,1.000100,873.000000,1.000200,15.000000,1.000400,951.000000
1759175850.7010837,177369567079,0.999300,6855.000000,0.999200,88457.000000,0.999100,10433.000000,0.999000,2401.000000,0.998900,5104.000000,0.998800,19.000000,0.998700,678.000000,0.998600,20970.000000,0.998500,50061.000000,0.998400,91.000000,0.999400,3014.000000,0.999500,113987.000000,0.999600,42410.000000,0.999700,85502.000000,0.999800,11699.000000,0.999900,10007.000000,1.000000,2133.000000,1.000100,873.000000,1.000200,15.000000,1.000400,951.000000
1759175852.4536817,177369593790,0.999300,6826.000000,0.999200,88457.000000,0.999100,10433.000000,0.999000,2401.000000,0.998900,5104.000000,0.998800,19.000000,0.998700,678.000000,0.998600,20970.000000,0.998500,50061.000000,0.998400,91.000000,0.999400,3014.000000,0.999500,113987.000000,0.999600,42410.000000,0.999700,85502.000000,0.999800,11699.000000,0.999900,10007.000000,1.000000,2133.000000,1.000100,873.000000,1.000200,15.000000,1.000400,951.000000
1759175854.2043726,177369621750,0.999300,6826.000000,0.999200,88457.000000,0.999100,10433.000000,0.999000,2401.000000,0.998900,5094.000000,0.998800,19.000000,0.998700,678.000000,0.998600,20970.000000,0.998500,50061.000000,0.998400,91.000000,0.999400,3014.000000,0.999500,113987.000000,0.999600,42410.000000,0.999700,85502.000000,0.999800,11699.000000,0.999900,10007.000000,1.000000,2133.000000,1.000100,873.000000,1.000200,15.000000,1.000400,951.000000
1759175855.1440995,177369637128,0.999300,6826.000000,0.999200,88457.000000,0.999100,10433.000000,0.999000,2401.000000,0.998900,5094.000000,0.998800,19.000000,0.998700,678.000000,0.998600,20970.000000,0.998500,50061.000000,0.998400,91.000000,0.999400,1498.000000,0.999500,113987.000000,0.999600,42410.000000,0.999700,85502.000000,0.999800,11699.000000,0.999900,10007.000000,1.000000,2133.000000,1.000100,873.000000,1.000200,15.000000,1.000400,951.000000
1759175856.4169083,177369656279,0.999300,6826.000000,0.999200,88457.000000,0.999100,10433.000000,0.999000,2401.000000,0.998900,5094.000000,0.998800,19.000000,0.998700,678.000000,0.998600,20970.000000,0.998500,50061.000000,0.998400,91.000000,0.999400,1469.000000,0.999500,113987.000000,0.999600,42410.000000,0.999700,85502.000000,0.999800,11699.000000,0.999900,10007.000000,1.000000,2133.000000,1.000100,873.000000,1.000200,15.000000,1.000400,951.000000
1759175858.4276187,177369691315,0.999300,6797.000000,0.999200,88457.000000,0.999100,10433.000000,0.999000,2401.000000,0.998900,5094.000000,0.998800,19.000000,0.998700,678.000000,0.998600,20970.000000,0.998500,50061.000000,0.998400,91.000000,0.999400,1469.000000,0.999500,113987.000000,0.999600,42410.000000,0.999700,85502.000000,0.999800,11699.000000,0.999900,10007.000000,1.000000,2133.000000,1.000100,873.000000,1.000200,15.000000,1.000400,951.000000
1759175861.2034538,177369741001,0.999300,6797.000000,0.999200,88457.000000,0.999100,10433.000000,0.999000,2401.000000,0.998900,5104.000000,0.998800,19.000000,0.998700,678.000000,0.998600,20970.000000,0.998500,50061.000000,0.998400,91.000000,0.999400,1469.000000,0.999500,113987.000000,0.999600,42410.000000,0.999700,85502.000000,0.999800,11699.000000,0.999900,10007.000000,1.000000,2133.000000,1.000100,873.000000,1.000200,15.000000,1.000400,951.000000
1759175862.564592,177369764125,0.999300,5281.000000,0.999200,88457.000000,0.999100,10433.000000,0.999000,2401.000000,0.998900,5104.000000,0.998800,19.000000,0.998700,678.000000,0.998600,20970.000000,0.998500,50061.000000,0.998400,91.000000,0.999400,1469.000000,0.999500,113987.000000,0.999600,42410.000000,0.999700,85502.000000,0.999800,11699.000000,0.999900,10007.000000,1.000000,2133.000000,1.000100,873.000000,1.000200,15.000000,1.000400,951.000000
1759175863.561226,177369780840,0.999300,5281.000000,0.999200,88457.000000,0.999100,10433.000000,0.999000,2401.000000,0.998900,5104.000000,0.998800,19.000000,0.998700,678.000000,0.998600,20970.000000,0.998500,50061.000000,0.998400,91.000000,0.999400,1440.000000,0.999500,113987.000000,0.999600,42410.000000,0.999700,85502.000000,0.999800,11699.000000,0.999900,10007.000000,1.000000,2133.000000,1.000100,873.000000,1.000200,15.000000,1.000400,951.000000
1759175865.5779438,177369813808,0.999300,5252.000000,0.999200,88457.000000,0.999100,10433.000000,0.999000,2401.000000,0.998900,5104.000000,0.998800,19.000000,0.998700,678.000000,0.998600,20970.000000,0.998500,50061.000000,0.998400,91.000000,0.999400,1440.000000,0.999500,113987.000000,0.999600,42410.000000,0.999700,85502.000000,0.999800,11699.000000,0.999900,10007.000000,1.000000,2133.000000,1.000100,873.000000,1.000200,15.000000,1.000400,951.000000
1759175869.2363262,177369877590,0.999300,5252.000000,0.999200,88457.000000,0.999100,10433.000000,0.999000,2401.000000,0.998900,5104.000000,0.998800,19.000000,0.998700,678.000000,0.998600,20970.000000,0.998500,50061.000000,0.998400,91.000000,0.999400,1411.000000,0.999500,113987.000000,0.999600,42410.000000,0.999700,85502.000000,0.999800,11699.000000,0.999900,10007.000000,1.000000,2133.000000,1.000100,873.000000,1.000200,15.000000,1.000400,951.000000
1759175871.014842,177369908830,0.999300,5216.000000,0.999200,88457.000000,0.999100,10433.000000,0.999000,2401.000000,0.998900,5094.000000,0.998800,19.000000,0.998700,678.000000,0.998600,20970.000000,0.998500,50061.000000,0.998400,91.000000,0.999400,1411.000000,0.999500,113987.000000,0.999600,42410.000000,0.999700,85502.000000,0.999800,11699.000000,0.999900,10007.000000,1.000000,2133.000000,1.000100,873.000000,1.000200,15.000000,1.000400,951.000000
1759175871.7063987,177369916617,0.999300,5207.000000,0.999200,88457.000000,0.999100,10433.000000,0.999000,2401.000000,0.998900,5094.000000,0.998800,19.000000,0.998700,678.000000,0.998600,20970.000000,0.998500,50061.000000,0.998400,91.000000,0.999400,1411.000000,0.999500,113987.000000,0.999600,42410.000000,0.999700,85502.000000,0.999800,11699.000000,0.999900,10007.000000,1.000000,2133.000000,1.000100,873.000000,1.000200,15.000000,1.000400,951.000000
1759175874.835428,177369970262,0.999300,5207.000000,0.999200,88457.000000,0.999100,10433.000000,0.999000,2401.000000,0.998900,5094.000000,0.998800,19.000000,0.998700,678.000000,0.998600,20970.000000,0.998500,50061.000000,0.998400,91.000000,0.999400,1373.000000,0.999500,113987.000000,0.999600,42410.000000,0.999700,85502.000000,0.999800,11699.000000,0.999900,10007.000000,1.000000,2133.000000,1.000100,873.000000,1.000200,15.000000,1.000400,951.000000
1759175876.6903255,177369999033,0.999300,5178.000000,0.999200,88457.000000,0.999100,10433.000000,0.999000,2401.000000,0.998900,5094.000000,0.998800,19.000000,0.998700,678.000000,0.998600,20970.000000,0.998500,50061.000000,0.998400,91.000000,0.999400,1373.000000,0.999500,113987.000000,0.999600,42410.000000,0.999700,85502.000000,0.999800,11699.000000,0.999900,10007.000000,1.000000,2133.000000,1.000100,873.000000,1.000200,15.000000,1.000400,951.000000
1759175878.7334917,177370032834,0.999300,5178.000000,0.999200,88457.000000,0.999100,10433.000000,0.999000,2401.000000,0.998900,5094.000000,0.998800,19.000000,0.998700,678.000000,0.998600,20970.000000,0.998500,50061.000000,0.998400,91.000000,0.999400,5517.000000,0.999500,113987.000000,0.999600,42410.000000,0.999700,85502.000000,0.999800,11699.000000,0.999900,10007.000000,1.000000,2133.000000,1.000100,873.000000,1.000200,15.000000,1.000400,951.000000
1759175879.4506972,177370043798,0.999300,5178.000000,0.999200,88457.000000,0.999100,10433.000000,0.999000,2401.000000,0.998900,5104.000000,0.998800,19.000000,0.998700,678.000000,0.998600,20970.000000,0.998500,50061.000000,0.998400,91.000000,0.999400,5517.000000,0.999500,113987.000000,0.999600,42410.000000,0.999700,85502.000000,0.999800,11699.000000,0.999900,10007.000000,1.000000,2133.000000,1.000100,873.000000,1.000200,15.000000,1.000400,951.000000
1759175880.2444887,177370055694,0.999300,5178.000000,0.999200,88457.000000,0.999100,10433.000000,0.999000,2401.000000,0.998900,5104.000000,0.998800,19.000000,0.998700,678.000000,0.998600,20970.000000,0.998500,50061.000000,0.998400,91.000000,0.999400,5488.000000,0.999500,113987.000000,0.999600,42410.000000,0.999700,85502.000000,0.999800,11699.000000,0.999900,10007.000000,1.000000,2133.000000,1.000100,873.000000,1.000200,15.000000,1.000400,951.000000
1759175881.499242,177370087267,0.999300,5178.000000,0.999200,88457.000000,0.999100,10433.000000,0.999000,2401.000000,0.998900,5104.000000,0.998800,19.000000,0.998700,678.000000,0.998600,20970.000000,0.998500,50061.000000,0.998400,91.000000,0.999400,5481.000000,0.999500,113987.000000,0.999600,42410.000000,0.999700,85502.000000,0.999800,11699.000000,0.999900,10007.000000,1.000000,2133.000000,1.000100,873.000000,1.000200,15.000000,1.000400,951.000000
1759175882.0184493,177370100473,0.999300,5149.000000,0.999200,88457.000000,0.999100,10433.000000,0.999000,2401.000000,0.998900,5104.000000,0.998800,19.000000,0.998700,678.000000,0.998600,20970.000000,0.998500,50061.000000,0.998400,91.000000,0.999400,5475.000000,0.999500,113987.000000,0.999600,42410.000000,0.999700,85502.000000,0.999800,11699.000000,0.999900,10007.000000,1.000000,2133.000000,1.000100,873.000000,1.000200,15.000000,1.000400,951.000000
1759175884.2259789,177370147380,0.999300,5149.000000,0.999200,88457.000000,0.999100,10433.000000,0.999000,2401.000000,0.998900,5104.000000,0.998800,19.000000,0.998700,678.000000,0.998600,20970.000000,0.998500,50061.000000,0.998400,91.000000,0.999400,5475.000000,0.999500,113987.000000,0.999600,42410.000000,0.999700,85502.000000,0.999800,11699.000000,0.999900,10007.000000,1.000000,2133.000000,1.000100,873.000000,1.000200,15.000000,1.000400,951.000000
1759175885.3332186,177370163412,0.999300,5149.000000,0.999200,88457.000000,0.999100,10433.000000,0.999000,2401.000000,0.998900,5104.000000,0.998800,19.000000,0.998700,678.000000,0.998600,20970.000000,0.998500,50061.000000,0.998400,91.000000,0.999400,5446.000000,0.999500,113987.000000,0.999600,42410.000000,0.999700,85502.000000,0.999800,11699.000000,0.999900,10007.000000,1.000000,2133.000000,1.000100,873.000000,1.000200,15.000000,1.000400,951.000000
1759175887.4681275,177370208346,0.999300,5120.000000,0.999200,88457.000000,0.999100,10433.000000,0.999000,2401.000000,0.998900,5104.000000,0.998800,19.000000,0.998700,678.000000,0.998600,20970.000000,0.998500,50061.000000,0.998400,91.000000,0.999400,5446.000000,0.999500,113987.000000,0.999600,42410.000000,0.999700,85502.000000,0.999800,11699.000000,0.999900,10007.000000,1.000000,2133.000000,1.000100,873.000000,1.000200,15.000000,1.000400,951.000000
1759175889.413599,177370245484,0.999300,5114.000000,0.999200,88457.000000,0.999100,10433.000000,0.999000,2401.000000,0.998900,5104.000000,0.998800,19.000000,0.998700,678.000000,0.998600,20970.000000,0.998500,50061.000000,0.998400,91.000000,0.999400,5446.000000,0.999500,113987.000000,0.999600,42410.000000,0.999700,85502.000000,0.999800,11699.000000,0.999900,10007.000000,1.000000,2133.000000,1.000100,873.000000,1.000200,15.000000,1.000400,951.000000
1759175890.0996888,177370256942,0.999300,5105.000000,0.999200,88457.000000,0.999100,10433.000000,0.999000,2401.000000,0.998900,5104.000000,0.998800,19.000000,0.998700,678.000000,0.998600,20970.000000,0.998500,50061.000000,0.998400,91.000000,0.999400,5446.000000,0.999500,113987.000000,0.999600,42410.000000,0.999700,85502.000000,0.999800,11699.000000,0.999900,10007.000000,1.000000,2133.000000,1.000100,873.000000,1.000200,15.000000,1.000400,951.000000
1759175891.2077687,177370274684,0.999300,5105.000000,0.999200,88457.000000,0.999100,10433.000000,0.999000,2401.000000,0.998900,5094.000000,0.998800,19.000000,0.998700,678.000000,0.998600,20970.000000,0.998500,50061.000000,0.998400,91.000000,0.999400,5446.000000,0.999500,113987.000000,0.999600,42410.000000,0.999700,85502.000000,0.999800,11699.000000,0.999900,10007.000000,1.000000,2133.000000,1.000100,873.000000,1.000200,15.000000,1.000400,951.000000
1759175891.8864424,177370286556,0.999300,5105.000000,0.999200,88457.000000,0.999100,10433.000000,0.999000,2401.000000,0.998900,5094.000000,0.998800,19.000000,0.998700,678.000000,0.998600,20970.000000,0.998500,50061.000000,0.998400,91.000000,0.999400,5417.000000,0.999500,113987.000000,0.999600,42410.000000,0.999700,85502.000000,0.999800,11699.000000,0.999900,10007.000000,1.000000,2133.000000,1.000100,873.000000,1.000200,15.000000,1.000400,951.000000
1759175893.7780855,177370316578,0.999300,5076.000000,0.999200,88457.000000,0.999100,10433.000000,0.999000,2401.000000,0.998900,5094.000000,0.998800,19.000000,0.998700,678.000000,0.998600,20970.000000,0.998500,50061.000000,0.998400,91.000000,0.999400,5417.000000,0.999500,113987.000000,0.999600,42410.000000,0.999700,85502.000000,0.999800,11699.000000,0.999900,10007.000000,1.000000,2133.000000,1.000100,873.000000,1.000200,15.000000,1.000400,951.000000
1759175897.303947,177370376137,0.999300,5076.000000,0.999200,88457.000000,0.999100,10433.000000,0.999000,2401.000000,0.998900,5094.000000,0.998800,19.000000,0.998700,678.000000,0.998600,20970.000000,0.998500,50061.000000,0.998400,91.000000,0.999400,5388.000000,0.999500,113987.000000,0.999600,42410.000000,0.999700,85502.000000,0.999800,11699.000000,0.999900,10007.000000,1.000000,2133.000000,1.000100,873.000000,1.000200,15.000000,1.000400,951.000000
1759175899.0570655,177370404701,0.999300,5047.000000,0.999200,88457.000000,0.999100,10433.000000,0.999000,2401.000000,0.998900,5094.000000,0.998800,19.000000,0.998700,678.000000,0.998600,20970.000000,0.998500,50061.000000,0.998400,91.000000,0.999400,5388.000000,0.999500,113987.000000,0.999600,42410.000000,0.999700,85502.000000,0.999800,11699.000000,0.999900,10007.000000,1.000000,2133.000000,1.000100,873.000000,1.000200,15.000000,1.000400,951.000000
1759175900.1238148,177370425194,0.999300,5039.000000,0.999200,88457.000000,0.999100,10433.000000,0.999000,2401.000000,0.998900,5094.000000,0.998800,19.000000,0.998700,678.000000,0.998600,20970.000000,0.998500,50061.000000,0.998400,91.000000,0.999400,5388.000000,0.999500,113987.000000,0.999600,42410.000000,0.999700,85502.000000,0.999800,11699.000000,0.999900,10007.000000,1.000000,2133.000000,1.000100,873.000000,1.000200,15.000000,1.000400,951.000000
1759175901.46471,177370448025,0.999300,5039.000000,0.999200,88457.000000,0.999100,10433.000000,0.999000,2401.000000,0.998900,5094.000000,0.998800,19.000000,0.998700,678.000000,0.998600,20970.000000,0.998500,50061.000000,0.998400,91.000000,0.999400,5382.000000,0.999500,113987.000000,0.999600,42410.000000,0.999700,85502.000000,0.999800,11699.000000,0.999900,10007.000000,1.000000,2133.000000,1.000100,873.000000,1.000200,15.000000,1.000400,951.000000
1759175902.8349779,177370472523,0.999300,5039.000000,0.999200,88457.000000,0.999100,10433.000000,0.999000,2401.000000,0.998900,5094.000000,0.998800,19.000000,0.998700,678.000000,0.998600,20970.000000,0.998500,50061.000000,0.998400,91.000000,0.999400,5353.000000,0.999500,113987.000000,0.999600,42410.000000,0.999700,85502.000000,0.999800,11699.000000,0.999900,10007.000000,1.000000,2133.000000,1.000100,873.000000,1.000200,15.000000,1.000400,951.000000
1759175904.790241,177370511114,0.999300,5010.000000,0.999200,88457.000000,0.999100,10433.000000,0.999000,2401.000000,0.998900,5094.000000,0.998800,19.000000,0.998700,678.000000,0.998600,20970.000000,0.998500,50061.000000,0.998400,91.000000,0.999400,5353.000000,0.999500,113987.000000,0.999600,42410.000000,0.999700,85502.000000,0.999800,11699.000000,0.999900,10007.000000,1.000000,2133.000000,1.000100,873.000000,1.000200,15.000000,1.000400,951.000000
1759175906.5259337,177370541614,0.999300,5010.000000,0.999200,88457.000000,0.999100,10433.000000,0.999000,2401.000000,0.998900,5094.000000,0.998800,19.000000,0.998700,678.000000,0.998600,20970.000000,0.998500,50061.000000,0.998400,91.000000,0.999400,5344.000000,0.999500,113987.000000,0.999600,42410.000000,0.999700,85502.000000,0.999800,11699.000000,0.999900,10007.000000,1.000000,2133.000000,1.000100,873.000000,1.000200,15.000000,1.000400,951.000000
1759175908.703232,177370574772,0.999300,5010.000000,0.999200,88457.000000,0.999100,10433.000000,0.999000,2401.000000,0.998900,5104.000000,0.998800,19.000000,0.998700,678.000000,0.998600,20970.000000,0.998500,50061.000000,0.998400,91.000000,0.999400,5344.000000,0.999500,113987.000000,0.999600,42410.000000,0.999700,85502.000000,0.999800,11699.000000,0.999900,10007.000000,1.000000,2133.000000,1.000100,873.000000,1.000200,15.000000,1.000400,951.000000
1759175913.887292,177370660721,0.999300,5003.000000,0.999200,88457.000000,0.999100,10433.000000,0.999000,2401.000000,0.998900,5104.000000,0.998800,19.000000,0.998700,678.000000,0.998600,20970.000000,0.998500,50061.000000,0.998400,91.000000,0.999400,5344.000000,0.999500,113987.000000,0.999600,42410.000000,0.999700,85502.000000,0.999800,11699.000000,0.999900,10007.000000,1.000000,2133.000000,1.000100,873.000000,1.000200,15.000000,1.000400,951.000000
1759175915.9023442,177370695014,0.999300,5003.000000,0.999200,88457.000000,0.999100,10433.000000,0.999000,2401.000000,0.998900,5104.000000,0.998800,19.000000,0.998700,678.000000,0.998600,20970.000000,0.998500,50061.000000,0.998400,91.000000,0.999400,5338.000000,0.999500,113987.000000,0.999600,42410.000000,0.999700,85502.000000,0.999800,11699.000000,0.999900,10007.000000,1.000000,2133.000000,1.000100,873.000000,1.000200,15.000000,1.000400,951.000000
1759175917.133142,177370715920,0.999300,4997.000000,0.999200,88457.000000,0.999100,10433.000000,0.999000,2401.000000,0.998900,5104.000000,0.998800,19.000000,0.998700,678.000000,0.998600,20970.000000,0.998500,50061.000000,0.998400,91.000000,0.999400,5338.000000,0.999500,113987.000000,0.999600,42410.000000,0.999700,85502.000000,0.999800,11699.000000,0.999900,10007.000000,1.000000,2133.000000,1.000100,873.000000,1.000200,15.000000,1.000400,951.000000
1759175920.9413621,177370780288,0.999300,4997.000000,0.999200,88457.000000,0.999100,10433.000000,0.999000,2401.000000,0.998900,5104.000000,0.998800,19.000000,0.998700,678.000000,0.998600,20970.000000,0.998500,50061.000000,0.998400,91.000000,0.999400,5332.000000,0.999500,113987.000000,0.999600,42410.000000,0.999700,85502.000000,0.999800,11699.000000,0.999900,10007.000000,1.000000,2133.000000,1.000100,873.000000,1.000200,15.000000,1.000400,951.000000
1759175922.2073371,177370800386,0.999300,4997.000000,0.999200,88457.000000,0.999100,10433.000000,0.999000,2401.000000,0.998900,5094.000000,0.998800,19.000000,0.998700,678.000000,0.998600,20970.000000,0.998500,50061.000000,0.998400,91.000000,0.999400,5332.000000,0.999500,113987.000000,0.999600,42410.000000,0.999700,85502.000000,0.999800,11699.000000,0.999900,10007.000000,1.000000,2133.000000,1.000100,873.000000,1.000200,15.000000,1.000400,951.000000
1759175925.779374,177370858046,0.999300,4997.000000,0.999200,88457.000000,0.999100,10433.000000,0.999000,12411.000000,0.998900,5094.000000,0.998800,19.000000,0.998700,678.000000,0.998600,20970.000000,0.998500,50061.000000,0.998400,91.000000,0.999400,5332.000000,0.999500,113987.000000,0.999600,42410.000000,0.999700,85502.000000,0.999800,11699.000000,0.999900,10007.000000,1.000000,2133.000000,1.000100,873.000000,1.000200,15.000000,1.000400,951.000000
1759175926.6555488,177370874864,0.999300,4985.000000,0.999200,88457.000000,0.999100,10433.000000,0.999000,12411.000000,0.998900,5094.000000,0.998800,19.000000,0.998700,678.000000,0.998600,20970.000000,0.998500,50061.000000,0.998400,91.000000,0.999400,5332.000000,0.999500,113987.000000,0.999600,42410.000000,0.999700,85502.000000,0.999800,11699.000000,0.999900,10007.000000,1.000000,2133.000000,1.000100,873.000000,1.000200,15.000000,1.000400,951.000000
1759175930.9785154,177370941564,0.999300,4985.000000,0.999200,88457.000000,0.999100,10433.000000,0.999000,12411.000000,0.998900,5094.000000,0.998800,19.000000,0.998700,678.000000,0.998600,20970.000000,0.998500,50061.000000,0.998400,91.000000,0.999400,5323.000000,0.999500,113987.000000,0.999600,42410.000000,0.999700,85502.000000,0.999800,11699.000000,0.999900,10007.000000,1.000000,2133.000000,1.000100,873.000000,1.000200,15.000000,1.000400,951.000000
1759175931.7073295,177370953955,0.999300,4976.000000,0.999200,88457.000000,0.999100,10433.000000,0.999000,12411.000000,0.998900,5094.000000,0.998800,19.000000,0.998700,678.000000,0.998600,20970.000000,0.998500,50061.000000,0.998400,91.000000,0.999400,5323.000000,0.999500,113987.000000,0.999600,42410.000000,0.999700,85502.000000,0.999800,11699.000000,0.999900,10007.000000,1.000000,2133.000000,1.000100,873.000000,1.000200,15.000000,1.000400,951.000000
1759175935.4406748,177371009755,0.999300,4976.000000,0.999200,88457.000000,0.999100,10433.000000,0.999000,12411.000000,0.998900,5094.000000,0.998800,19.000000,0.998700,678.000000,0.998600,20970.000000,0.998500,50061.000000,0.998400,91.000000,0.999400,5314.000000,0.999500,113987.000000,0.999600,42410.000000,0.999700,85502.000000,0.999800,11699.000000,0.999900,10007.000000,1.000000,2133.000000,1.000100,873.000000,1.000200,15.000000,1.000400,951.000000
1759175938.452082,177371054923,0.999300,4976.000000,0.999200,88457.000000,0.999100,10433.000000,0.999000,12411.000000,0.998900,5104.000000,0.998800,19.000000,0.998700,678.000000,0.998600,20970.000000,0.998500,50061.000000,0.998400,91.000000,0.999400,5314.000000,0.999500,113987.000000,0.999600,42410.000000,0.999700,85502.000000,0.999800,11699.000000,0.999900,10007.000000,1.000000,2133.000000,1.000100,873.000000,1.000200,15.000000,1.000400,951.000000
1759175941.6748288,177371110535,0.999300,4976.000000,0.999200,88457.000000,0.999100,10433.000000,0.999000,12411.000000,0.998900,5104.000000,0.998800,19.000000,0.998700,678.000000,0.998600,20970.000000,0.998500,50061.000000,0.998400,91.000000,0.999400,5298.000000,0.999500,113987.000000,0.999600,42410.000000,0.999700,85502.000000,0.999800,11699.000000,0.999900,10007.000000,1.000000,2133.000000,1.000100,873.000000,1.000200,15.000000,1.000400,951.000000
1759175945.5046766,177371179477,0.999300,4976.000000,0.999200,88457.000000,0.999100,10433.000000,0.999000,12411.000000,0.998900,5104.000000,0.998800,19.000000,0.998700,678.000000,0.998600,20970.000000,0.998500,50061.000000,0.998400,91.000000,0.999400,5292.000000,0.999500,113987.000000,0.999600,42410.000000,0.999700,85502.000000,0.999800,11699.000000,0.999900,10007.000000,1.000000,2133.000000,1.000100,873.000000,1.000200,15.000000,1.000400,951.000000
1759175945.9855542,177371187500,0.999300,4970.000000,0.999200,88457.000000,0.999100,10433.000000,0.999000,12411.000000,0.998900,5104.000000,0.998800,19.000000,0.998700,678.000000,0.998600,20970.000000,0.998500,50061.000000,0.998400,91.000000,0.999400,5292.000000,0.999500,113987.000000,0.999600,42410.000000,0.999700,85502.000000,0.999800,11699.000000,0.999900,10007.000000,1.000000,2133.000000,1.000100,873.000000,1.000200,15.000000,1.000400,951.000000
1759175947.1055222,177371205810,0.999300,4970.000000,0.999200,88457.000000,0.999100,10433.000000,0.999000,12411.000000,0.998900,5104.000000,0.998800,19.000000,0.998700,678.000000,0.998600,20970.000000,0.998500,50061.000000,0.998400,91.000000,0.999400,3822.000000,0.999500,113987.000000,0.999600,42410.000000,0.999700,85502.000000,0.999800,11699.000000,0.999900,10007.000000,1.000000,2133.000000,1.000100,873.000000,1.000200,15.000000,1.000400,951.000000
1759175950.209418,177371267059,0.999300,4970.000000,0.999200,88457.000000,0.999100,10433.000000,0.999000,12411.000000,0.998900,5094.000000,0.998800,19.000000,0.998700,678.000000,0.998600,20970.000000,0.998500,50061.000000,0.998400,91.000000,0.999400,3822.000000,0.999500,113987.000000,0.999600,42410.000000,0.999700,85502.000000,0.999800,11699.000000,0.999900,10007.000000,1.000000,2133.000000,1.000100,873.000000,1.000200,15.000000,1.000400,951.000000
1759175950.632778,177371273554,0.999300,4961.000000,0.999200,88457.000000,0.999100,10433.000000,0.999000,12411.000000,0.998900,5094.000000,0.998800,19.000000,0.998700,678.000000,0.998600,20970.000000,0.998500,50061.000000,0.998400,91.000000,0.999400,3822.000000,0.999500,113987.000000,0.999600,42410.000000,0.999700,85502.000000,0.999800,11699.000000,0.999900,10007.000000,1.000000,2133.000000,1.000100,873.000000,1.000200,15.000000,1.000400,951.000000
1759175952.569319,177371306839,0.999300,4955.000000,0.999200,88457.000000,0.999100,10433.000000,0.999000,12411.000000,0.998900,5094.000000,0.998800,19.000000,0.998700,678.000000,0.998600,20970.000000,0.998500,50061.000000,0.998400,91.000000,0.999400,3822.000000,0.999500,113987.000000,0.999600,42410.000000,0.999700,85502.000000,0.999800,11699.000000,0.999900,10007.000000,1.000000,2133.000000,1.000100,873.000000,1.000200,15.000000,1.000400,951.000000
1759175952.921841,177371312544,0.999300,4955.000000,0.999200,88457.000000,0.999100,10433.000000,0.999000,12411.000000,0.998900,5094.000000,0.998800,19.000000,0.998700,678.000000,0.998600,20970.000000,0.998500,50061.000000,0.998400,91.000000,0.999400,3793.000000,0.999500,113987.000000,0.999600,42410.000000,0.999700,85502.000000,0.999800,11699.000000,0.999900,10007.000000,1.000000,2133.000000,1.000100,873.000000,1.000200,15.000000,1.000400,951.000000
1759175955.604367,177371360453,0.999300,3485.000000,0.999200,88457.000000,0.999100,10433.000000,0.999000,12411.000000,0.998900,5094.000000,0.998800,19.000000,0.998700,678.000000,0.998600,20970.000000,0.998500,50061.000000,0.998400,91.000000,0.999400,3793.000000,0.999500,113987.000000,0.999600,42410.000000,0.999700,85502.000000,0.999800,11699.000000,0.999900,10007.000000,1.000000,2133.000000,1.000100,873.000000,1.000200,15.000000,1.000400,951.000000
1759175956.1367576,177371369892,0.999300,3456.000000,0.999200,88457.000000,0.999100,10433.000000,0.999000,12411.000000,0.998900,5094.000000,0.998800,19.000000,0.998700,678.000000,0.998600,20970.000000,0.998500,50061.000000,0.998400,91.000000,0.999400,3793.000000,0.999500,113987.000000,0.999600,42410.000000,0.999700,85502.000000,0.999800,11699.000000,0.999900,10007.000000,1.000000,2133.000000,1.000100,873.000000,1.000200,15.000000,1.000400,951.000000
1759175959.8326294,177371435019,0.999300,3456.000000,0.999200,88457.000000,0.999100,10433.000000,0.999000,12411.000000,0.998900,5094.000000,0.998800,19.000000,0.998700,678.000000,0.998600,20970.000000,0.998500,50061.000000,0.998400,91.000000,0.999400,3764.000000,0.999500,113987.000000,0.999600,42410.000000,0.999700,85502.000000,0.999800,11699.000000,0.999900,10007.000000,1.000000,2133.000000,1.000100,873.000000,1.000200,15.000000,1.000400,951.000000
1759175960.9017556,177371452965,0.999300,3456.000000,0.999200,88457.000000,0.999100,10433.000000,0.999000,12411.000000,0.998900,5094.000000,0.998800,19.000000,0.998700,678.000000,0.998600,20970.000000,0.998500,50061.000000,0.998400,91.000000,0.999400,3758.000000,0.999500,113987.000000,0.999600,42410.000000,0.999700,85502.000000,0.999800,11699.000000,0.999900,10007.000000,1.000000,2133.000000,1.000100,873.000000,1.000200,15.000000,1.000400,951.000000
1759175961.7595153,177371467901,0.999300,3427.000000,0.999200,88457.000000,0.999100,10433.000000,0.999000,12411.000000,0.998900,5094.000000,0.998800,19.000000,0.998700,678.000000,0.998600,20970.000000,0.998500,50061.000000,0.998400,91.000000,0.999400,3758.000000,0.999500,113987.000000,0.999600,42410.000000,0.999700,85502.000000,0.999800,11699.000000,0.999900,10007.000000,1.000000,2133.000000,1.000100,873.000000,1.000200,15.000000,1.000400,951.000000
1759175963.701255,177371501596,0.999300,3427.000000,0.999200,88457.000000,0.999100,10433.000000,0.999000,12411.000000,0.998900,5104.000000,0.998800,19.000000,0.998700,678.000000,0.998600,20970.000000,0.998500,50061.000000,0.998400,91.000000,0.999400,3758.000000,0.999500,113987.000000,0.999600,42410.000000,0.999700,85502.000000,0.999800,11699.000000,0.999900,10007.000000,1.000000,2133.000000,1.000100,873.000000,1.000200,15.000000,1.000400,951.000000
1759175965.8895252,177371540126,0.999300,3427.000000,0.999200,88457.000000,0.999100,10433.000000,0.999000,12411.000000,0.998900,5104.000000,0.998800,19.000000,0.998700,678.000000,0.998600,20970.000000,0.998500,50061.000000,0.998400,91.000000,0.999400,3749.000000,0.999500,113987.000000,0.999600,42410.000000,0.999700,85502.000000,0.999800,11699.000000,0.999900,10007.000000,1.000000,2133.000000,1.000100,873.000000,1.000200,15.000000,1.000400,951.000000
1759175966.576648,177371553444,0.999300,3421.000000,0.999200,88457.000000,0.999100,10433.000000,0.999000,12411.000000,0.998900,5104.000000,0.998800,19.000000,0.998700,678.000000,0.998600,20970.000000,0.998500,50061.000000,0.998400,91.000000,0.999400,3749.000000,0.999500,113987.000000,0.999600,42410.000000,0.999700,85502.000000,0.999800,11699.000000,0.999900,10007.000000,1.000000,2133.000000,1.000100,873.000000,1.000200,15.000000,1.000400,951.000000
1759175967.215509,177371565528,0.999300,3421.000000,0.999200,88457.000000,0.999100,10433.000000,0.999000,12411.000000,0.998900,5094.000000,0.998800,19.000000,0.998700,678.000000,0.998600,20970.000000,0.998500,50061.000000,0.998400,91.000000,0.999400,3749.000000,0.999500,113987.000000,0.999600,42410.000000,0.999700,85502.000000,0.999800,11699.000000,0.999900,10007.000000,1.000000,2133.000000,1.000100,873.000000,1.000200,15.000000,1.000400,951.000000
1759175968.9609826,177371597004,0.999300,3413.000000,0.999200,88457.000000,0.999100,10433.000000,0.999000,12411.000000,0.998900,5094.000000,0.998800,19.000000,0.998700,678.000000,0.998600,20970.000000,0.998500,50061.000000,0.998400,91.000000,0.999400,3749.000000,0.999500,113987.000000,0.999600,42410.000000,0.999700,85502.000000,0.999800,11699.000000,0.999900,10007.000000,1.000000,2133.000000,1.000100,873.000000,1.000200,15.000000,1.000400,951.000000
1759175970.9405358,177371635405,0.999300,3413.000000,0.999200,88457.000000,0.999100,10433.000000,0.999000,12411.000000,0.998900,5094.000000,0.998800,19.000000,0.998700,678.000000,0.998600,20970.000000,0.998500,50061.000000,0.998400,91.000000,0.999400,3743.000000,0.999500,113987.000000,0.999600,42410.000000,0.999700,85502.000000,0.999800,11699.000000,0.999900,10007.000000,1.000000,2133.000000,1.000100,873.000000,1.000200,15.000000,1.000400,951.000000
1759175974.154713,177371691655,0.999300,2332.000000,0.999200,88457.000000,0.999100,10433.000000,0.999000,12411.000000,0.998900,5094.000000,0.998800,19.000000,0.998700,678.000000,0.998600,20970.000000,0.998500,50061.000000,0.998400,91.000000,0.999400,3743.000000,0.999500,113987.000000,0.999600,42410.000000,0.999700,85502.000000,0.999800,11699.000000,0.999900,10007.000000,1.000000,2133.000000,1.000100,873.000000,1.000200,15.000000,1.000400,951.000000
1759175975.8843238,177371720181,0.999300,2332.000000,0.999200,88457.000000,0.999100,10433.000000,0.999000,12411.000000,0.998900,5094.000000,0.998800,19.000000,0.998700,678.000000,0.998600,20970.000000,0.998500,50061.000000,0.998400,91.000000,0.999400,3737.000000,0.999500,113987.000000,0.999600,42410.000000,0.999700,85502.000000,0.999800,11699.000000,0.999900,10007.000000,1.000000,2133.000000,1.000100,873.000000,1.000200,15.000000,1.000400,951.000000
1759175977.7018483,177371752739,0.999300,2332.000000,0.999200,88457.000000,0.999100,10433.000000,0.999000,12411.000000,0.998900,5104.000000,0.998800,19.000000,0.998700,678.000000,0.998600,20970.000000,0.998500,50061.000000,0.998400,91.000000,0.999400,3737.000000,0.999500,113987.000000,0.999600,42410.000000,0.999700,85502.000000,0.999800,11699.000000,0.999900,10007.000000,1.000000,2133.000000,1.000100,873.000000,1.000200,15.000000,1.000400,951.000000
1759175981.2209027,177371813569,0.999300,2332.000000,0.999200,88457.000000,0.999100,10433.000000,0.999000,12411.000000,0.998900,5094.000000,0.998800,19.000000,0.998700,678.000000,0.998600,20970.000000,0.998500,50061.000000,0.998400,91.000000,0.999400,3737.000000,0.999500,113987.000000,0.999600,42410.000000,0.999700,85502.000000,0.999800,11699.000000,0.999900,10007.000000,1.000000,2133.000000,1.000100,873.000000,1.000200,15.000000,1.000400,951.000000
1759175983.632302,177371861001,0.999300,2332.000000,0.999200,88457.000000,0.999100,10433.000000,0.999000,12411.000000,0.998900,5094.000000,0.998800,19.000000,0.998700,678.000000,0.998600,20970.000000,0.998500,50061.000000,0.998400,91.000000,0.999400,3712.000000,0.999500,113987.000000,0.999600,42410.000000,0.999700,85502.000000,0.999800,11699.000000,0.999900,10007.000000,1.000000,2133.000000,1.000100,873.000000,1.000200,15.000000,1.000400,951.000000
1759175985.604282,177371903009,0.999300,2326.000000,0.999200,88457.000000,0.999100,10433.000000,0.999000,12411.000000,0.998900,5094.000000,0.998800,19.000000,0.998700,678.000000,0.998600,20970.000000,0.998500,50061.000000,0.998400,91.000000,0.999400,3712.000000,0.999500,113987.000000,0.999600,42410.000000,0.999700,85502.000000,0.999800,11699.000000,0.999900,10007.000000,1.000000,2133.000000,1.000100,873.000000,1.000200,15.000000,1.000400,951.000000
1759175986.54965,177371918796,0.999300,2326.000000,0.999200,88457.000000,0.999100,10433.000000,0.999000,12411.000000,0.998900,5094.000000,0.998800,19.000000,0.998700,678.000000,0.998600,20970.000000,0.998500,50061.000000,0.998400,91.000000,0.999400,2271.000000,0.999500,113987.000000,0.999600,42410.000000,0.999700,85502.000000,0.999800,11699.000000,0.999900,10007.000000,1.000000,2133.000000,1.000100,873.000000,1.000200,15.000000,1.000400,951.000000
1759175987.7009904,177371936419,0.999300,2326.000000,0.999200,88457.000000,0.999100,10433.000000,0.999000,12411.000000,0.998900,5104.000000,0.998800,19.000000,0.998700,678.000000,0.998600,20970.000000,0.998500,50061.000000,0.998400,91.000000,0.999400,2271.000000,0.999500,113987.000000,0.999600,42410.000000,0.999700,85502.000000,0.999800,11699.000000,0.999900,10007.000000,1.000000,2133.000000,1.000100,873.000000,1.000200,15.000000,1.000400,951.000000
1759175990.525205,177371980643,0.999300,12326.000000,0.999200,88457.000000,0.999100,10433.000000,0.999000,12411.000000,0.998900,5104.000000,0.998800,19.000000,0.998700,678.000000,0.998600,20970.000000,0.998500,50061.000000,0.998400,91.000000,0.999400,2271.000000,0.999500,113987.000000,0.999600,42410.000000,0.999700,85502.000000,0.999800,11699.000000,0.999900,10007.000000,1.000000,2133.000000,1.000100,873.000000,1.000200,15.000000,1.000400,951.000000
1759175991.2145355,177371992059,0.999300,12326.000000,0.999200,88457.000000,0.999100,10433.000000,0.999000,12411.000000,0.998900,5094.000000,0.998800,19.000000,0.998700,678.000000,0.998600,20970.000000,0.998500,50061.000000,0.998400,91.000000,0.999400,2271.000000,0.999500,113987.000000,0.999600,42410.000000,0.999700,85502.000000,0.999800,11699.000000,0.999900,10007.000000,1.000000,2133.000000,1.000100,873.000000,1.000200,15.000000,1.000400,951.000000
1759175991.5128489,177372001308,0.999300,12301.000000,0.999200,88457.000000,0.999100,10433.000000,0.999000,12411.000000,0.998900,5094.000000,0.998800,19.000000,0.998700,678.000000,0.998600,20970.000000,0.998500,50061.000000,0.998400,91.000000,0.999400,2262.000000,0.999500,113987.000000,0.999600,42410.000000,0.999700,85502.000000,0.999800,11699.000000,0.999900,10007.000000,1.000000,2133.000000,1.000100,873.000000,1.000200,15.000000,1.000400,951.000000
1759175992.191872,177372008139,0.999300,12301.000000,0.999200,88457.000000,0.999100,10433.000000,0.999000,12411.000000,0.998900,5094.000000,0.998800,19.000000,0.998700,678.000000,0.998600,20970.000000,0.998500,50061.000000,0.998400,91.000000,0.999400,3703.000000,0.999500,113987.000000,0.999600,42410.000000,0.999700,85502.000000,0.999800,11699.000000,0.999900,10007.000000,1.000000,2133.000000,1.000100,873.000000,1.000200,15.000000,1.000400,951.000000
1759175994.7007575,177372051179,0.999300,12301.000000,0.999200,88457.000000,0.999100,10433.000000,0.999000,12411.000000,0.998900,5104.000000,0.998800,19.000000,0.998700,678.000000,0.998600,20970.000000,0.998500,50061.000000,0.998400,91.000000,0.999400,3694.000000,0.999500,113987.000000,0.999600,42410.000000,0.999700,85502.000000,0.999800,11699.000000,0.999900,10007.000000,1.000000,2133.000000,1.000100,873.000000,1.000200,15.000000,1.000400,951.000000
1759175996.0197215,177372070236,0.999300,15576.000000,0.999200,88457.000000,0.999100,10433.000000,0.999000,12411.000000,0.998900,5104.000000,0.998800,19.000000,0.998700,678.000000,0.998600,20970.000000,0.998500,50061.000000,0.998400,91.000000,0.999400,3694.000000,0.999500,113987.000000,0.999600,42410.000000,0.999700,85502.000000,0.999800,11699.000000,0.999900,10007.000000,1.000000,2133.000000,1.000100,873.000000,1.000200,15.000000,1.000400,951.000000
1759175998.2054818,177372109509,0.999300,15576.000000,0.999200,88457.000000,0.999100,10433.000000,0.999000,12411.000000,0.998900,5094.000000,0.998800,19.000000,0.998700,678.000000,0.998600,20970.000000,0.998500,50061.000000,0.998400,91.000000,0.999400,3694.000000,0.999500,113987.000000,0.999600,42410.000000,0.999700,85502.000000,0.999800,11699.000000,0.999900,10007.000000,1.000000,2133.000000,1.000100,873.000000,1.000200,15.000000,1.000400,951.000000
1759175999.4517016,177372130036,0.999300,15576.000000,0.999200,88457.000000,0.999100,10433.000000,0.999000,12411.000000,0.998900,5104.000000,0.998800,19.000000,0.998700,678.000000,0.998600,20970.000000,0.998500,50061.000000,0.998400,91.000000,0.999400,3694.000000,0.999500,113987.000000,0.999600,42410.000000,0.999700,85502.000000,0.999800,11699.000000,0.999900,10007.000000,1.000000,2133.000000,1.000100,873.000000,1.000200,15.000000,1.000400,951.000000
1759176002.8177092,177372219931,0.999300,15576.000000,0.999200,88457.000000,0.999100,10433.000000,0.999000,12411.000000,0.998900,5104.000000,0.998800,19.000000,0.998700,678.000000,0.998600,20970.000000,0.998500,50061.000000,0.998400,91.000000,0.999400,3686.000000,0.999500,113987.000000,0.999600,42410.000000,0.999700,85502.000000,0.999800,11699.000000,0.999900,10007.000000,1.000000,2133.000000,1.000100,873.000000,1.000200,15.000000,1.000400,951.000000
1759176003.9365122,177372246258,0.999300,15576.000000,0.999200,88457.000000,0.999100,10433.000000,0.999000,12411.000000,0.998900,5104.000000,0.998800,19.000000,0.998700,678.000000,0.998600,20970.000000,0.998500,50061.000000,0.998400,91.000000,0.999400,6563.000000,0.999500,113987.000000,0.999600,42410.000000,0.999700,85502.000000,0.999800,11699.000000,0.999900,10007.000000,1.000000,2133.000000,1.000100,873.000000,1.000200,15.000000,1.000400,951.000000
1759176004.2067375,177372256823,0.999300,15576.000000,0.999200,88457.000000,0.999100,10433.000000,0.999000,12411.000000,0.998900,5104.000000,0.998800,19.000000,0.998700,678.000000,0.998600,20970.000000,0.998500,50061.000000,0.998400,91.000000,0.999400,6563.000000,0.999500,113987.000000,0.999600,42410.000000,0.999700,85502.000000,0.999800,11699.000000,0.999900,10007.000000,1.000000,2133.000000,1.000100,873.000000,1.000200,15.000000,1.000400,951.000000
1759176006.1628401,177372290196,0.999300,15576.000000,0.999200,88457.000000,0.999100,10433.000000,0.999000,12411.000000,0.998900,5104.000000,0.998800,19.000000,0.998700,678.000000,0.998600,20970.000000,0.998500,50061.000000,0.998400,91.000000,0.999400,6548.000000,0.999500,113987.000000,0.999600,42410.000000,0.999700,85502.000000,0.999800,11699.000000,0.999900,10007.000000,1.000000,2133.000000,1.000100,873.000000,1.000200,15.000000,1.000400,951.000000
1759176009.0957637,177372345371,0.999300,15568.000000,0.999200,88457.000000,0.999100,10433.000000,0.999000,12411.000000,0.998900,5104.000000,0.998800,19.000000,0.998700,678.000000,0.998600,20970.000000,0.998500,50061.000000,0.998400,91.000000,0.999400,6548.000000,0.999500,113987.000000,0.999600,42410.000000,0.999700,85502.000000,0.999800,11699.000000,0.999900,10007.000000,1.000000,2133.000000,1.000100,873.000000,1.000200,15.000000,1.000400,951.000000
1759176011.2082088,177372384219,0.999300,15568.000000,0.999200,88457.000000,0.999100,10433.000000,0.999000,12411.000000,0.998900,5094.000000,0.998800,19.000000,0.998700,678.000000,0.998600,20970.000000,0.998500,50061.000000,0.998400,91.000000,0.999400,6548.000000,0.999500,113987.000000,0.999600,42410.000000,0.999700,85502.000000,0.999800,11699.000000,0.999900,10007.000000,1.000000,2133.000000,1.000100,873.000000,1.000200,15.000000,1.000400,951.000000
1759176015.5382981,177372470574,0.999300,14127.000000,0.999200,88457.000000,0.999100,10433.000000,0.999000,12411.000000,0.998900,5094.000000,0.998800,19.000000,0.998700,678.000000,0.998600,20970.000000,0.998500,50061.000000,0.998400,91.000000,0.999400,5107.000000,0.999500,113987.000000,0.999600,42410.000000,0.999700,85502.000000,0.999800,11699.000000,0.999900,10007.000000,1.000000,2133.000000,1.000100,873.000000,1.000200,15.000000,1.000400,951.000000
1759176017.0171328,177372496786,0.999300,14121.000000,0.999200,88457.000000,0.999100,10433.000000,0.999000,12411.000000,0.998900,5094.000000,0.998800,19.000000,0.998700,678.000000,0.998600,20970.000000,0.998500,50061.000000,0.998400,91.000000,0.999400,5107.000000,0.999500,113987.000000,0.999600,42410.000000,0.999700,85502.000000,0.999800,11699.000000,0.999900,10007.000000,1.000000,2133.000000,1.000100,873.000000,1.000200,15.000000,1.000400,951.000000
1759176019.6953952,177372539592,0.999300,14113.000000,0.999200,88457.000000,0.999100,10433.000000,0.999000,12411.000000,0.998900,5094.000000,0.998800,19.000000,0.998700,678.000000,0.998600,20970.000000,0.998500,50061.000000,0.998400,91.000000,0.999400,5107.000000,0.999500,113987.000000,0.999600,42410.000000,0.999700,85502.000000,0.999800,11699.000000,0.999900,10007.000000,1.000000,2133.000000,1.000100,873.000000,1.000200,15.000000,1.000400,951.000000
1759176020.902852,177372560210,0.999300,14113.000000,0.999200,88457.000000,0.999100,10433.000000,0.999000,12411.000000,0.998900,5094.000000,0.998800,19.000000,0.998700,678.000000,0.998600,20970.000000,0.998500,50061.000000,0.998400,91.000000,0.999400,5101.000000,0.999500,113987.000000,0.999600,42410.000000,0.999700,85502.000000,0.999800,11699.000000,0.999900,10007.000000,1.000000,2133.000000,1.000100,873.000000,1.000200,15.000000,1.000400,951.000000
1759176021.5384688,177372572603,0.999300,14104.000000,0.999200,88457.000000,0.999100,10433.000000,0.999000,12411.000000,0.998900,5104.000000,0.998800,19.000000,0.998700,678.000000,0.998600,20970.000000,0.998500,50061.000000,0.998400,91.000000,0.999400,5101.000000,0.999500,113987.000000,0.999600,42410.000000,0.999700,85502.000000,0.999800,11699.000000,0.999900,10007.000000,1.000000,2133.000000,1.000100,873.000000,1.000200,15.000000,1.000400,951.000000
1759176021.9382873,177372576235,0.999300,14104.000000,0.999200,88457.000000,0.999100,10433.000000,0.999000,12411.000000,0.998900,5104.000000,0.998800,19.000000,0.998700,678.000000,0.998600,20970.000000,0.998500,50061.000000,0.998400,91.000000,0.999400,3658.000000,0.999500,113987.000000,0.999600,42410.000000,0.999700,85502.000000,0.999800,11699.000000,0.999900,10007.000000,1.000000,2133.000000,1.000100,873.000000,1.000200,15.000000,1.000400,951.000000
1759176023.4917054,177372602480,0.999300,14104.000000,0.999200,88457.000000,0.999100,10433.000000,0.999000,12411.000000,0.998900,5104.000000,0.998800,19.000000,0.998700,678.000000,0.998600,20970.000000,0.998500,50061.000000,0.998400,91.000000,0.999400,3652.000000,0.999500,113987.000000,0.999600,42410.000000,0.999700,85502.000000,0.999800,11699.000000,0.999900,10007.000000,1.000000,2133.000000,1.000100,873.000000,1.000200,15.000000,1.000400,951.000000
1759176025.2067254,177372632666,0.999300,14104.000000,0.999200,88457.000000,0.999100,10433.000000,0.999000,12411.000000,0.998900,5094.000000,0.998800,19.000000,0.998700,678.000000,0.998600,20970.000000,0.998500,50061.000000,0.998400,91.000000,0.999400,3652.000000,0.999500,113987.000000,0.999600,42410.000000,0.999700,85502.000000,0.999800,11699.000000,0.999900,10007.000000,1.000000,2133.000000,1.000100,873.000000,1.000200,15.000000,1.000400,951.000000
1759176026.1489682,177372649592,0.999300,14098.000000,0.999200,88457.000000,0.999100,10433.000000,0.999000,12411.000000,0.998900,5094.000000,0.998800,19.000000,0.998700,678.000000,0.998600,20970.000000,0.998500,50061.000000,0.998400,91.000000,0.999400,3652.000000,0.999500,113987.000000,0.999600,42410.000000,0.999700,85502.000000,0.999800,11699.000000,0.999900,10007.000000,1.000000,2133.000000,1.000100,873.000000,1.000200,15.000000,1.000400,951.000000
1759176026.628532,177372659175,0.999300,14083.000000,0.999200,88457.000000,0.999100,10433.000000,0.999000,12411.000000,0.998900,5094.000000,0.998800,19.000000,0.998700,678.000000,0.998600,20970.000000,0.998500,50061.000000,0.998400,91.000000,0.999400,3652.000000,0.999500,113987.000000,0.999600,42410.000000,0.999700,85502.000000,0.999800,11699.000000,0.999900,10007.000000,1.000000,2133.000000,1.000100,873.000000,1.000200,15.000000,1.000400,951.000000
1759176028.1022692,177372683916,0.999300,14083.000000,0.999200,88457.000000,0.999100,10433.000000,0.999000,12411.000000,0.998900,5094.000000,0.998800,19.000000,0.998700,678.000000,0.998600,20970.000000,0.998500,50061.000000,0.998400,91.000000,0.999400,3685.000000,0.999500,113987.000000,0.999600,42410.000000,0.999700,85502.000000,0.999800,11699.000000,0.999900,10007.000000,1.000000,2133.000000,1.000100,873.000000,1.000200,15.000000,1.000400,951.000000
1759176028.7023053,177372693750,0.999300,14083.000000,0.999200,88457.000000,0.999100,10433.000000,0.999000,12411.000000,0.998900,5104.000000,0.998800,19.000000,0.998700,678.000000,0.998600,20970.000000,0.998500,50061.000000,0.998400,91.000000,0.999400,3685.000000,0.999500,113987.000000,0.999600,42410.000000,0.999700,85502.000000,0.999800,11699.000000,0.999900,10007.000000,1.000000,2133.000000,1.000100,873.000000,1.000200,15.000000,1.000400,951.000000
1759176029.7843876,177372711565,0.999300,12640.000000,0.999200,88457.000000,0.999100,10433.000000,0.999000,12411.000000,0.998900,5104.000000,0.998800,19.000000,0.998700,678.000000,0.998600,20970.000000,0.998500,50061.000000,0.998400,91.000000,0.999400,3685.000000,0.999500,113987.000000,0.999600,42410.000000,0.999700,85502.000000,0.999800,11699.000000,0.999900,10007.000000,1.000000,2133.000000,1.000100,873.000000,1.000200,15.000000,1.000400,951.000000
1759176030.9367177,177372730692,0.999300,12640.000000,0.999200,88457.000000,0.999100,10433.000000,0.999000,12411.000000,0.998900,5104.000000,0.998800,19.000000,0.998700,678.000000,0.998600,20970.000000,0.998500,50061.000000,0.998400,91.000000,0.999400,3679.000000,0.999500,113987.000000,0.999600,42410.000000,0.999700,85502.000000,0.999800,11699.000000,0.999900,10007.000000,1.000000,2133.000000,1.000100,873.000000,1.000200,15.000000,1.000400,951.000000
1759176031.7257044,177372744578,0.999300,12634.000000,0.999200,88457.000000,0.999100,10433.000000,0.999000,12411.000000,0.998900,5104.000000,0.998800,19.000000,0.998700,678.000000,0.998600,20970.000000,0.998500,50061.000000,0.998400,91.000000,0.999400,3679.000000,0.999500,113987.000000,0.999600,42410.000000,0.999700,85502.000000,0.999800,11699.000000,0.999900,10007.000000,1.000000,2133.000000,1.000100,873.000000,1.000200,15.000000,1.000400,951.000000
1759176032.7443714,177372760744,0.999300,12634.000000,0.999200,88457.000000,0.999100,10433.000000,0.999000,12411.000000,0.998900,5094.000000,0.998800,19.000000,0.998700,678.000000,0.998600,20970.000000,0.998500,50061.000000,0.998400,91.000000,0.999400,3679.000000,0.999500,113987.000000,0.999600,42410.000000,0.999700,85502.000000,0.999800,11699.000000,0.999900,10007.000000,1.000000,2133.000000,1.000100,873.000000,1.000200,15.000000,1.000400,951.000000
1759176034.0673525,177372782259,0.999300,12634.000000,0.999200,88457.000000,0.999100,10433.000000,0.999000,12411.000000,0.998900,5094.000000,0.998800,19.000000,0.998700,678.000000,0.998600,20970.000000,0.998500,50061.000000,0.998400,91.000000,0.999400,2279.000000,0.999500,113987.000000,0.999600,42410.000000,0.999700,85502.000000,0.999800,11699.000000,0.999900,10007.000000,1.000000,2133.000000,1.000100,873.000000,1.000200,15.000000,1.000400,951.000000
1759176035.9523535,177372811530,0.999300,12634.000000,0.999200,88457.000000,0.999100,10433.000000,0.999000,12411.000000,0.998900,5094.000000,0.998800,19.000000,0.998700,678.000000,0.998600,20970.000000,0.998500,50061.000000,0.998400,91.000000,0.999400,2273.000000,0.999500,113987.000000,0.999600,42410.000000,0.999700,85502.000000,0.999800,11699.000000,0.999900,10007.000000,1.000000,2133.000000,1.000100,873.000000,1.000200,15.000000,1.000400,951.000000
1759176036.4626043,177372821868,0.999300,12634.000000,0.999200,88457.000000,0.999100,10433.000000,0.999000,12411.000000,0.998900,5094.000000,0.998800,19.000000,0.998700,678.000000,0.998600,20970.000000,0.998500,50061.000000,0.998400,91.000000,0.999400,2240.000000,0.999500,113987.000000,0.999600,42410.000000,0.999700,85502.000000,0.999800,11699.000000,0.999900,10007.000000,1.000000,2133.000000,1.000100,873.000000,1.000200,15.000000,1.000400,951.000000
1759176038.185627,177372849063,0.999300,12634.000000,0.999200,88457.000000,0.999100,10433.000000,0.999000,12411.000000,0.998900,5094.000000,0.998800,19.000000,0.998700,678.000000,0.998600,20970.000000,0.998500,50061.000000,0.998400,91.000000,0.999400,2234.000000,0.999500,113987.000000,0.999600,42410.000000,0.999700,85502.000000,0.999800,11699.000000,0.999900,10007.000000,1.000000,2133.000000,1.000100,873.000000,1.000200,15.000000,1.000400,951.000000
1759176039.7008085,177372873661,0.999300,12634.000000,0.999200,88457.000000,0.999100,10433.000000,0.999000,12411.000000,0.998900,5104.000000,0.998800,19.000000,0.998700,678.000000,0.998600,20970.000000,0.998500,50061.000000,0.998400,91.000000,0.999400,2234.000000,0.999500,113987.000000,0.999600,42410.000000,0.999700,85502.000000,0.999800,11699.000000,0.999900,10007.000000,1.000000,2133.000000,1.000100,873.000000,1.000200,15.000000,1.000400,951.000000
