unix_timestamp,lastUpdateId,bid_price_0,bid_qty_0,bid_price_1,bid_qty_1,bid_price_2,bid_qty_2,bid_price_3,bid_qty_3,bid_price_4,bid_qty_4,bid_price_5,bid_qty_5,bid_price_6,bid_qty_6,bid_price_7,bid_qty_7,bid_price_8,bid_qty_8,bid_price_9,bid_qty_9,ask_price_0,ask_qty_0,ask_price_1,ask_qty_1,ask_price_2,ask_qty_2,ask_price_3,ask_qty_3,ask_price_4,ask_qty_4,ask_price_5,ask_qty_5,ask_price_6,ask_qty_6,ask_price_7,ask_qty_7,ask_price_8,ask_qty_8,ask_price_9,ask_qty_9
1759175617.774417,177365728271,1019.800000,2.820000,1019.700000,3.380000,1019.600000,23.660000,1019.500000,22.090000,1019.400000,123.710000,1019.300000,15.910000,1019.200000,106.150000,1019.100000,20.630000,1019.000000,17.960000,1018.900000,2.080000,1019.900000,457.740000,1020.000000,8.980000,1020.100000,33.410000,1020.200000,21.550000,1020.300000,55.410000,1020.400000,127.210000,1020.500000,69.110000,1020.600000,515.290000,1020.700000,18.940000,1020.800000,0.120000
1759175621.9430172,177365797768,1019.800000,2.810000,1019.700000,3.380000,1019.600000,38.370000,1019.500000,21.090000,1019.400000,123.710000,1019.300000,1.200000,1019.200000,103.210000,1019.100000,38.280000,1019.000000,17.960000,1018.900000,2.080000,1019.900000,205.150000,1020.000000,8.980000,1020.100000,33.410000,1020.200000,21.550000,1020.300000,55.410000,1020.400000,127.210000,1020.500000,69.110000,1020.600000,515.290000,1020.700000,18.940000,1020.800000,4.040000
1759175622.2765613,177365802669,1019.800000,22.790000,1019.700000,6.270000,1019.600000,18.550000,1019.500000,125.680000,1019.400000,17.050000,1019.300000,102.970000,1019.200000,4.350000,1019.100000,35.340000,1019.000000,14.040000,1018.900000,0.110000,1019.900000,6.800000,1020.000000,201.120000,1020.100000,33.410000,1020.200000,21.550000,1020.300000,55.410000,1020.400000,127.210000,1020.500000,69.110000,1020.600000,500.580000,1020.700000,16.000000,1020.800000,3.060000
1759175622.4630635,177365805785,1019.800000,63.920000,1019.700000,112.910000,1019.600000,20.070000,1019.500000,117.870000,1019.400000,36.850000,1019.300000,1.190000,1019.200000,4.350000,1019.100000,15.540000,1019.000000,14.040000,1018.900000,0.110000,1019.900000,5.950000,1020.000000,1.980000,1020.100000,217.770000,1020.200000,21.550000,1020.300000,55.410000,1020.400000,35.260000,1020.500000,69.110000,1020.600000,508.360000,1020.700000,16.000000,1020.800000,98.960000
1759175622.8485625,177365812470,1019.800000,63.920000,1019.700000,112.910000,1019.600000,20.070000,1019.500000,117.870000,1019.400000,39.790000,1019.300000,1.190000,1019.200000,4.350000,1019.100000,15.540000,1019.000000,14.040000,1018.900000,0.110000,1019.900000,0.180000,1020.000000,1.980000,1020.100000,217.770000,1020.200000,21.550000,1020.300000,55.410000,1020.400000,35.260000,1020.500000,69.110000,1020.600000,508.360000,1020.700000,16.000000,1020.800000,98.960000
1759175623.1140597,177365817192,1019.800000,65.100000,1019.700000,112.640000,1019.600000,18.900000,1019.500000,117.240000,1019.400000,39.700000,1019.300000,1.190000,1019.200000,8.270000,1019.100000,15.540000,1019.000000,14.040000,1018.900000,0.110000,1020.000000,3.150000,1020.100000,218.760000,1020.200000,21.820000,1020.300000,55.410000,1020.400000,35.260000,1020.500000,69.110000,1020.600000,508.360000,1020.700000,16.000000,1020.800000,98.960000,1020.900000,17.660000
1759175623.7155178,177365823162,1019.800000,65.100000,1019.700000,112.640000,1019.600000,18.900000,1019.500000,117.240000,1019.400000,39.700000,1019.300000,1.190000,1019.200000,8.270000,1019.100000,17.500000,1019.000000,14.040000,1018.900000,0.110000,1020.000000,3.150000,1020.100000,218.760000,1020.200000,21.820000,1020.300000,55.410000,1020.400000,35.260000,1020.500000,69.110000,1020.600000,508.360000,1020.700000,16.000000,1020.800000,98.960000,1020.900000,17.660000
1759175624.5074093,177365838484,1019.900000,0.360000,1019.800000,27.670000,1019.700000,109.570000,1019.600000,17.380000,1019.500000,117.240000,1019.400000,39.700000,1019.300000,1.190000,1019.200000,8.270000,1019.100000,17.500000,1019.000000,14.040000,1020.000000,3.150000,1020.100000,219.210000,1020.200000,21.820000,1020.300000,55.410000,1020.400000,35.260000,1020.500000,69.110000,1020.600000,508.360000,1020.700000,16.000000,1020.800000,98.960000,1020.900000,17.660000
1759175624.771302,177365841009,1019.900000,3.060000,1019.800000,24.970000,1019.700000,124.280000,1019.600000,17.380000,1019.500000,117.240000,1019.400000,24.990000,1019.300000,1.190000,1019.200000,8.270000,1019.100000,17.500000,1019.000000,14.040000,1020.000000,3.150000,1020.100000,219.210000,1020.200000,21.820000,1020.300000,55.410000,1020.400000,35.260000,1020.500000,69.110000,1020.600000,508.360000,1020.700000,16.000000,1020.800000,98.960000,1020.900000,17.660000
1759175625.1592057,177365850636,1019.900000,6.000000,1019.800000,23.510000,1019.700000,122.790000,1019.600000,16.380000,1019.500000,117.240000,1019.400000,24.990000,1019.300000,1.190000,1019.200000,8.270000,1019.100000,17.500000,1019.000000,14.040000,1020.100000,214.310000,1020.200000,7.110000,1020.300000,55.410000,1020.400000,35.260000,1020.500000,83.820000,1020.600000,508.360000,1020.700000,16.000000,1020.800000,98.960000,1020.900000,17.660000,1021.000000,8.720000
1759175625.42297,177365854804,1020.000000,0.010000,1019.900000,6.130000,1019.800000,24.580000,1019.700000,122.790000,1019.600000,16.560000,1019.500000,117.240000,1019.400000,24.990000,1019.300000,0.650000,1019.200000,8.090000,1019.100000,17.500000,1020.100000,271.190000,1020.200000,10.110000,1020.300000,55.410000,1020.400000,35.260000,1020.500000,83.980000,1020.600000,508.360000,1020.700000,16.000000,1020.800000,98.960000,1020.900000,17.660000,1021.000000,8.720000
1759175625.7969406,177365856172,1020.000000,0.010000,1019.900000,6.130000,1019.800000,24.580000,1019.700000,122.790000,1019.600000,16.560000,1019.500000,117.240000,1019.400000,24.990000,1019.300000,0.650000,1019.200000,8.090000,1019.100000,17.500000,1020.100000,271.190000,1020.200000,10.110000,1020.300000,55.410000,1020.400000,35.260000,1020.500000,84.520000,1020.600000,508.360000,1020.700000,16.000000,1020.800000,98.960000,1020.900000,17.660000,1021.000000,8.720000
1759175625.993913,177365862296,1019.900000,6.130000,1019.800000,24.580000,1019.700000,122.790000,1019.600000,16.560000,1019.500000,117.240000,1019.400000,24.990000,1019.300000,0.650000,1019.200000,8.090000,1019.100000,17.500000,1019.000000,14.040000,1020.100000,274.190000,1020.200000,7.110000,1020.300000,55.410000,1020.400000,35.260000,1020.500000,84.520000,1020.600000,508.360000,1020.700000,16.000000,1020.800000,98.960000,1020.900000,17.660000,1021.000000,8.720000
1759175626.5163999,177365869546,1020.000000,0.270000,1019.900000,5.960000,1019.800000,24.580000,1019.700000,122.790000,1019.600000,16.560000,1019.500000,117.240000,1019.400000,24.990000,1019.300000,0.650000,1019.200000,8.090000,1019.100000,17.500000,1020.100000,271.190000,1020.200000,10.110000,1020.300000,55.410000,1020.400000,35.260000,1020.500000,84.520000,1020.600000,508.360000,1020.700000,16.000000,1020.800000,98.960000,1020.900000,17.660000,1021.000000,8.720000
1759175626.779671,177365873916,1020.000000,0.270000,1019.900000,5.960000,1019.800000,24.580000,1019.700000,122.790000,1019.600000,16.560000,1019.500000,117.240000,1019.400000,24.990000,1019.300000,0.650000,1019.200000,8.090000,1019.100000,17.500000,1020.100000,271.400000,1020.200000,10.110000,1020.300000,55.410000,1020.400000,35.260000,1020.500000,84.520000,1020.600000,508.360000,1020.700000,16.000000,1020.800000,98.960000,1020.900000,17.660000,1021.000000,8.720000
1759175627.0689826,177365881348,1020.000000,1.350000,1019.900000,4.970000,1019.800000,25.490000,1019.700000,122.790000,1019.600000,16.560000,1019.500000,117.240000,1019.400000,24.990000,1019.300000,0.650000,1019.200000,8.090000,1019.100000,17.500000,1020.100000,272.270000,1020.200000,11.110000,1020.300000,55.410000,1020.400000,35.260000,1020.500000,84.520000,1020.600000,508.360000,1020.700000,16.000000,1020.800000,98.960000,1020.900000,17.660000,1021.000000,8.720000
1759175627.322484,177365884954,1020.000000,4.180000,1019.900000,2.140000,1019.800000,40.200000,1019.700000,122.790000,1019.600000,16.560000,1019.500000,105.470000,1019.400000,22.050000,1019.300000,0.650000,1019.200000,4.170000,1019.100000,45.540000,1020.100000,210.770000,1020.200000,11.020000,1020.300000,59.410000,1020.400000,35.260000,1020.500000,84.520000,1020.600000,508.360000,1020.700000,16.000000,1020.800000,98.960000,1020.900000,14.720000,1021.000000,8.720000
1759175627.7166128,177365890773,1020.000000,4.180000,1019.900000,2.140000,1019.800000,40.200000,1019.700000,122.790000,1019.600000,16.560000,1019.500000,105.470000,1019.400000,22.050000,1019.300000,4.570000,1019.200000,4.170000,1019.100000,45.540000,1020.100000,210.440000,1020.200000,11.020000,1020.300000,59.410000,1020.400000,35.260000,1020.500000,84.520000,1020.600000,508.360000,1020.700000,16.000000,1020.800000,98.960000,1020.900000,14.720000,1021.000000,11.660000
1759175628.0959737,177365896916,1020.000000,4.180000,1019.900000,2.240000,1019.800000,40.200000,1019.700000,122.790000,1019.600000,16.570000,1019.500000,105.460000,1019.400000,22.050000,1019.300000,4.570000,1019.200000,4.170000,1019.100000,45.540000,1020.100000,200.690000,1020.200000,11.020000,1020.300000,59.410000,1020.400000,35.260000,1020.500000,84.520000,1020.600000,508.360000,1020.700000,16.000000,1020.800000,98.960000,1020.900000,14.720000,1021.000000,11.660000
1759175628.355307,177365899937,1020.000000,4.180000,1019.900000,2.240000,1019.800000,40.200000,1019.700000,122.790000,1019.600000,28.080000,1019.500000,105.460000,1019.400000,22.050000,1019.300000,4.570000,1019.200000,6.130000,1019.100000,45.540000,1020.100000,200.690000,1020.200000,11.020000,1020.300000,59.410000,1020.400000,35.260000,1020.500000,84.520000,1020.600000,508.360000,1020.700000,16.000000,1020.800000,98.960000,1020.900000,14.720000,1021.000000,11.660000
1759175628.7424955,177365904061,1020.000000,4.270000,1019.900000,2.240000,1019.800000,40.110000,1019.700000,122.790000,1019.600000,28.080000,1019.500000,105.460000,1019.400000,22.050000,1019.300000,4.570000,1019.200000,6.130000,1019.100000,45.540000,1020.100000,200.690000,1020.200000,11.180000,1020.300000,59.410000,1020.400000,35.260000,1020.500000,84.520000,1020.600000,508.360000,1020.700000,16.000000,1020.800000,98.960000,1020.900000,14.720000,1021.000000,11.660000
1759175629.5274565,177365916385,1020.000000,4.720000,1019.900000,2.150000,1019.800000,39.930000,1019.700000,122.610000,1019.600000,28.080000,1019.500000,105.460000,1019.400000,22.050000,1019.300000,4.570000,1019.200000,6.130000,1019.100000,45.540000,1020.100000,200.690000,1020.200000,11.740000,1020.300000,59.450000,1020.400000,35.260000,1020.500000,84.520000,1020.600000,508.360000,1020.700000,16.000000,1020.800000,98.960000,1020.900000,14.720000,1021.000000,11.660000
1759175630.0489187,177365924604,1020.000000,4.720000,1019.900000,2.150000,1019.800000,39.930000,1019.700000,122.610000,1019.600000,28.080000,1019.500000,105.460000,1019.400000,22.050000,1019.300000,4.570000,1019.200000,6.130000,1019.100000,45.540000,1020.100000,201.020000,1020.200000,11.740000,1020.300000,59.450000,1020.400000,35.260000,1020.500000,84.520000,1020.600000,508.360000,1020.700000,16.000000,1020.800000,98.960000,1020.900000,14.720000,1021.000000,11.660000
1759175631.4879463,177365948517,1020.000000,4.720000,1019.900000,2.150000,1019.800000,39.930000,1019.700000,122.610000,1019.600000,28.080000,1019.500000,105.460000,1019.400000,22.050000,1019.300000,4.570000,1019.200000,6.130000,1019.100000,45.540000,1020.100000,201.020000,1020.200000,11.740000,1020.300000,59.450000,1020.400000,35.260000,1020.500000,84.520000,1020.600000,508.360000,1020.700000,16.000000,1020.800000,98.960000,1020.900000,14.720000,1021.000000,11.660000
1759175631.7379649,177365950732,1020.000000,4.720000,1019.900000,2.150000,1019.800000,39.890000,1019.700000,122.610000,1019.600000,28.080000,1019.500000,105.460000,1019.400000,22.050000,1019.300000,4.570000,1019.200000,6.130000,1019.100000,45.540000,1020.100000,201.020000,1020.200000,11.740000,1020.300000,59.450000,1020.400000,35.260000,1020.500000,84.520000,1020.600000,508.360000,1020.700000,16.000000,1020.800000,98.960000,1020.900000,14.720000,1021.000000,11.660000
1759175632.1004727,177365959127,1020.000000,5.260000,1019.900000,2.150000,1019.800000,39.890000,1019.700000,122.610000,1019.600000,28.080000,1019.500000,105.460000,1019.400000,22.050000,1019.300000,4.570000,1019.200000,6.130000,1019.100000,45.540000,1020.100000,201.020000,1020.200000,11.740000,1020.300000,59.450000,1020.400000,35.260000,1020.500000,84.520000,1020.600000,508.360000,1020.700000,16.000000,1020.800000,98.960000,1020.900000,14.720000,1021.000000,11.660000
1759175632.4407527,177365963269,1020.000000,4.760000,1019.900000,2.150000,1019.800000,39.890000,1019.700000,122.610000,1019.600000,28.080000,1019.500000,105.460000,1019.400000,22.050000,1019.300000,4.570000,1019.200000,6.130000,1019.100000,45.540000,1020.100000,201.020000,1020.200000,11.740000,1020.300000,59.450000,1020.400000,35.260000,1020.500000,84.520000,1020.600000,508.360000,1020.700000,16.000000,1020.800000,98.960000,1020.900000,14.720000,1021.000000,11.660000
1759175632.8350427,177365974816,1020.000000,4.760000,1019.900000,5.130000,1019.800000,36.910000,1019.700000,122.610000,1019.600000,28.060000,1019.500000,105.460000,1019.400000,22.050000,1019.300000,4.570000,1019.200000,6.130000,1019.100000,45.540000,1020.100000,200.690000,1020.200000,11.740000,1020.300000,59.450000,1020.400000,35.260000,1020.500000,84.520000,1020.600000,508.360000,1020.700000,16.000000,1020.800000,98.960000,1020.900000,14.720000,1021.000000,11.660000
1759175633.1169403,177365978358,1020.000000,4.760000,1019.900000,5.130000,1019.800000,35.930000,1019.700000,122.610000,1019.600000,28.060000,1019.500000,105.460000,1019.400000,22.050000,1019.300000,4.570000,1019.200000,6.130000,1019.100000,45.540000,1020.100000,200.690000,1020.200000,10.740000,1020.300000,59.450000,1020.400000,35.260000,1020.500000,84.520000,1020.600000,508.360000,1020.700000,16.000000,1020.800000,98.960000,1020.900000,14.720000,1021.000000,11.660000
1759175633.388461,177365981287,1020.000000,4.760000,1019.900000,5.130000,1019.800000,36.930000,1019.700000,122.610000,1019.600000,28.060000,1019.500000,105.460000,1019.400000,22.050000,1019.300000,4.570000,1019.200000,6.130000,1019.100000,45.540000,1020.100000,200.690000,1020.200000,11.740000,1020.300000,59.450000,1020.400000,35.260000,1020.500000,84.520000,1020.600000,508.360000,1020.700000,16.000000,1020.800000,98.960000,1020.900000,14.720000,1021.000000,11.660000
1759175633.6978636,177365987586,1020.000000,54.720000,1019.900000,5.130000,1019.800000,17.330000,1019.700000,122.610000,1019.600000,28.060000,1019.500000,105.460000,1019.400000,22.050000,1019.300000,4.570000,1019.200000,6.130000,1019.100000,45.540000,1020.100000,2.740000,1020.200000,11.200000,1020.300000,240.770000,1020.400000,35.260000,1020.500000,84.520000,1020.600000,416.430000,1020.700000,16.000000,1020.800000,106.740000,1020.900000,14.720000,1021.000000,110.480000
1759175634.2399418,177365995195,1020.000000,54.720000,1019.900000,5.130000,1019.800000,17.330000,1019.700000,122.620000,1019.600000,28.050000,1019.500000,105.460000,1019.400000,22.050000,1019.300000,4.570000,1019.200000,6.130000,1019.100000,45.540000,1020.100000,2.740000,1020.200000,11.200000,1020.300000,240.770000,1020.400000,35.260000,1020.500000,84.520000,1020.600000,416.430000,1020.700000,16.000000,1020.800000,106.740000,1020.900000,14.720000,1021.000000,110.480000
1759175634.8740146,177366007438,1020.000000,54.720000,1019.900000,5.670000,1019.800000,17.330000,1019.700000,122.620000,1019.600000,28.050000,1019.500000,105.460000,1019.400000,21.510000,1019.300000,4.570000,1019.200000,6.130000,1019.100000,45.540000,1020.100000,1.660000,1020.200000,11.290000,1020.300000,240.950000,1020.400000,35.260000,1020.500000,84.520000,1020.600000,416.430000,1020.700000,16.000000,1020.800000,106.740000,1020.900000,14.720000,1021.000000,110.480000
1759175635.1547844,177366012557,1020.000000,65.320000,1019.900000,5.670000,1019.800000,37.130000,1019.700000,122.620000,1019.600000,28.050000,1019.500000,102.520000,1019.400000,1.710000,1019.300000,0.650000,1019.200000,4.170000,1019.100000,45.540000,1020.100000,1.660000,1020.200000,7.840000,1020.300000,245.670000,1020.400000,35.260000,1020.500000,84.520000,1020.600000,417.510000,1020.700000,16.000000,1020.800000,106.740000,1020.900000,0.010000,1021.000000,107.540000
1759175635.4057748,177366013711,1020.000000,65.320000,1019.900000,5.670000,1019.800000,37.130000,1019.700000,122.620000,1019.600000,30.990000,1019.500000,102.520000,1019.400000,1.710000,1019.300000,0.650000,1019.200000,4.170000,1019.100000,45.540000,1020.100000,1.660000,1020.200000,7.840000,1020.300000,245.670000,1020.400000,35.260000,1020.500000,84.520000,1020.600000,417.510000,1020.700000,16.000000,1020.800000,106.740000,1020.900000,0.010000,1021.000000,107.540000
1759175635.6780906,177366023582,1020.000000,65.150000,1019.900000,5.310000,1019.800000,36.740000,1019.700000,122.620000,1019.600000,30.990000,1019.500000,102.520000,1019.400000,5.630000,1019.300000,0.650000,1019.200000,4.170000,1019.100000,45.540000,1020.100000,0.680000,1020.200000,7.840000,1020.300000,241.710000,1020.400000,35.800000,1020.500000,84.520000,1020.600000,417.510000,1020.700000,16.000000,1020.800000,106.740000,1020.900000,0.010000,1021.000000,107.540000
1759175636.0803537,177366029908,1020.000000,65.150000,1019.900000,5.310000,1019.800000,36.740000,1019.700000,122.620000,1019.600000,30.990000,1019.500000,102.520000,1019.400000,5.630000,1019.300000,2.610000,1019.200000,4.170000,1019.100000,45.540000,1020.100000,0.680000,1020.200000,7.840000,1020.300000,221.910000,1020.400000,35.800000,1020.500000,84.520000,1020.600000,417.510000,1020.700000,35.800000,1020.800000,106.740000,1020.900000,0.010000,1021.000000,107.540000
1759175636.8694615,177366042010,1020.100000,0.360000,1020.000000,67.860000,1019.900000,2.240000,1019.800000,36.740000,1019.700000,122.620000,1019.600000,30.990000,1019.500000,102.520000,1019.400000,5.630000,1019.300000,2.070000,1019.200000,4.170000,1020.200000,7.840000,1020.300000,222.180000,1020.400000,35.800000,1020.500000,84.520000,1020.600000,417.510000,1020.700000,35.800000,1020.800000,106.740000,1020.900000,0.010000,1021.000000,107.540000,1021.100000,16.880000
1759175637.13436,177366046898,1020.100000,3.190000,1020.000000,25.120000,1019.900000,16.940000,1019.800000,37.280000,1019.700000,122.620000,1019.600000,16.280000,1019.500000,102.520000,1019.400000,20.330000,1019.300000,2.070000,1019.200000,4.170000,1020.200000,7.980000,1020.300000,222.180000,1020.400000,35.800000,1020.500000,84.520000,1020.600000,418.590000,1020.700000,35.800000,1020.800000,106.740000,1020.900000,0.010000,1021.000000,107.540000,1021.100000,16.880000
1759175637.807283,177366057556,1020.100000,4.900000,1020.000000,23.410000,1019.900000,16.940000,1019.800000,37.340000,1019.700000,122.620000,1019.600000,16.280000,1019.500000,102.520000,1019.400000,19.790000,1019.300000,2.070000,1019.200000,4.170000,1020.200000,6.000000,1020.300000,222.180000,1020.400000,35.800000,1020.500000,84.520000,1020.600000,418.590000,1020.700000,35.800000,1020.800000,106.740000,1020.900000,0.010000,1021.000000,107.540000,1021.100000,16.880000
1759175638.1741872,177366063274,1020.100000,4.900000,1020.000000,23.410000,1019.900000,17.480000,1019.800000,37.340000,1019.700000,122.620000,1019.600000,16.280000,1019.500000,102.520000,1019.400000,19.790000,1019.300000,2.070000,1019.200000,4.170000,1020.200000,6.000000,1020.300000,222.180000,1020.400000,35.800000,1020.500000,84.520000,1020.600000,418.590000,1020.700000,36.880000,1020.800000,106.740000,1020.900000,0.010000,1021.000000,107.540000,1021.100000,16.880000
1759175638.418591,177366066169,1020.100000,4.900000,1020.000000,23.410000,1019.900000,17.480000,1019.800000,37.340000,1019.700000,122.620000,1019.600000,16.280000,1019.500000,102.520000,1019.400000,19.790000,1019.300000,2.070000,1019.200000,4.170000,1020.200000,5.890000,1020.300000,222.180000,1020.400000,35.800000,1020.500000,84.520000,1020.600000,418.590000,1020.700000,36.880000,1020.800000,106.740000,1020.900000,0.010000,1021.000000,107.540000,1021.100000,16.880000
1759175638.808922,177366075267,1020.100000,4.900000,1020.000000,23.410000,1019.900000,17.480000,1019.800000,37.340000,1019.700000,122.620000,1019.600000,16.280000,1019.500000,102.520000,1019.400000,19.790000,1019.300000,2.070000,1019.200000,4.170000,1020.200000,5.000000,1020.300000,222.180000,1020.400000,35.800000,1020.500000,84.520000,1020.600000,418.590000,1020.700000,36.880000,1020.800000,106.740000,1020.900000,0.010000,1021.000000,107.540000,1021.100000,16.880000
1759175639.177137,177366082303,1020.100000,4.900000,1020.000000,23.410000,1019.900000,18.020000,1019.800000,36.340000,1019.700000,122.620000,1019.600000,16.280000,1019.500000,102.520000,1019.400000,19.250000,1019.300000,2.070000,1019.200000,4.170000,1020.200000,4.880000,1020.300000,222.180000,1020.400000,35.800000,1020.500000,84.520000,1020.600000,418.590000,1020.700000,36.880000,1020.800000,106.740000,1020.900000,0.010000,1021.000000,107.540000,1021.100000,16.880000
1759175639.4372706,177366086117,1020.100000,4.810000,1020.000000,23.410000,1019.900000,19.020000,1019.800000,36.340000,1019.700000,122.620000,1019.600000,16.280000,1019.500000,102.520000,1019.400000,19.250000,1019.300000,2.070000,1019.200000,4.170000,1020.200000,3.880000,1020.300000,223.180000,1020.400000,35.800000,1020.500000,84.520000,1020.600000,418.590000,1020.700000,37.960000,1020.800000,106.740000,1020.900000,0.010000,1021.000000,107.540000,1021.100000,16.880000
1759175639.9603133,177366091126,1020.100000,4.680000,1020.000000,23.410000,1019.900000,19.020000,1019.800000,36.340000,1019.700000,122.620000,1019.600000,16.280000,1019.500000,102.520000,1019.400000,19.250000,1019.300000,2.070000,1019.200000,4.170000,1020.200000,2.900000,1020.300000,223.180000,1020.400000,35.800000,1020.500000,84.520000,1020.600000,418.590000,1020.700000,37.960000,1020.800000,106.740000,1020.900000,0.010000,1021.000000,107.540000,1021.100000,16.880000
1759175640.2858696,177366098347,1020.100000,4.680000,1020.000000,23.950000,1019.900000,19.020000,1019.800000,36.340000,1019.700000,122.620000,1019.600000,16.280000,1019.500000,101.440000,1019.400000,19.250000,1019.300000,2.070000,1019.200000,4.170000,1020.200000,2.800000,1020.300000,223.180000,1020.400000,35.800000,1020.500000,84.520000,1020.600000,418.590000,1020.700000,37.960000,1020.800000,106.740000,1020.900000,0.010000,1021.000000,107.540000,1021.100000,16.880000
1759175640.489548,177366100394,1020.100000,4.680000,1020.000000,23.950000,1019.900000,19.020000,1019.800000,36.340000,1019.700000,122.620000,1019.600000,16.280000,1019.500000,101.440000,1019.400000,19.250000,1019.300000,2.070000,1019.200000,4.170000,1020.200000,2.920000,1020.300000,223.180000,1020.400000,35.800000,1020.500000,84.520000,1020.600000,418.590000,1020.700000,39.040000,1020.800000,106.740000,1020.900000,0.010000,1021.000000,107.540000,1021.100000,16.880000
1759175640.9568124,177366108774,1020.100000,4.860000,1020.000000,23.950000,1019.900000,19.020000,1019.800000,36.340000,1019.700000,122.620000,1019.600000,16.280000,1019.500000,101.440000,1019.400000,19.250000,1019.300000,2.070000,1019.200000,4.170000,1020.200000,2.090000,1020.300000,222.910000,1020.400000,35.800000,1020.500000,84.520000,1020.600000,418.590000,1020.700000,39.040000,1020.800000,106.740000,1020.900000,0.010000,1021.000000,107.540000,1021.100000,16.880000
1759175641.528352,177366120039,1020.100000,4.860000,1020.000000,23.950000,1019.900000,19.020000,1019.800000,36.340000,1019.700000,122.620000,1019.600000,16.280000,1019.500000,101.440000,1019.400000,19.250000,1019.300000,2.070000,1019.200000,4.170000,1020.200000,2.090000,1020.300000,222.910000,1020.400000,35.800000,1020.500000,84.520000,1020.600000,418.590000,1020.700000,39.040000,1020.800000,106.740000,1020.900000,0.010000,1021.000000,107.540000,1021.100000,16.880000
1759175642.003554,177366126578,1020.100000,4.860000,1020.000000,23.950000,1019.900000,19.020000,1019.800000,36.340000,1019.700000,122.620000,1019.600000,16.280000,1019.500000,101.440000,1019.400000,19.250000,1019.300000,2.070000,1019.200000,4.170000,1020.200000,1.110000,1020.300000,222.910000,1020.400000,35.800000,1020.500000,84.520000,1020.600000,418.590000,1020.700000,39.040000,1020.800000,106.740000,1020.900000,0.010000,1021.000000,107.540000,1021.100000,16.880000
1759175642.7467873,177366140150,1020.100000,4.860000,1020.000000,23.950000,1019.900000,19.020000,1019.800000,36.260000,1019.700000,122.540000,1019.600000,16.280000,1019.500000,101.440000,1019.400000,19.250000,1019.300000,2.070000,1019.200000,4.170000,1020.200000,1.110000,1020.300000,222.910000,1020.400000,35.800000,1020.500000,84.520000,1020.600000,418.590000,1020.700000,39.040000,1020.800000,106.740000,1020.900000,0.010000,1021.000000,107.540000,1021.100000,16.880000
1759175643.0430768,177366149006,1020.100000,64.270000,1020.000000,4.430000,1019.900000,125.530000,1019.800000,36.270000,1019.700000,114.700000,1019.600000,13.340000,1019.500000,2.600000,1019.400000,15.330000,1019.300000,0.110000,1019.200000,4.170000,1020.300000,21.990000,1020.400000,218.840000,1020.500000,69.810000,1020.600000,403.880000,1020.700000,53.620000,1020.800000,121.440000,1020.900000,14.710000,1021.000000,107.660000,1021.100000,13.940000,1021.200000,15.660000
1759175643.2957098,177366152668,1020.100000,64.270000,1020.000000,4.430000,1019.900000,125.530000,1019.800000,36.270000,1019.700000,117.640000,1019.600000,13.340000,1019.500000,2.600000,1019.400000,15.330000,1019.300000,0.110000,1019.200000,4.170000,1020.300000,21.990000,1020.400000,219.840000,1020.500000,69.810000,1020.600000,403.880000,1020.700000,53.620000,1020.800000,121.440000,1020.900000,14.710000,1021.000000,107.660000,1021.100000,13.940000,1021.200000,18.600000
1759175643.8386717,177366161216,1020.100000,64.800000,1020.000000,4.060000,1019.900000,125.530000,1019.800000,36.270000,1019.700000,117.640000,1019.600000,13.340000,1019.500000,6.520000,1019.400000,15.330000,1019.300000,30.110000,1019.200000,7.170000,1020.200000,0.080000,1020.300000,22.070000,1020.400000,221.360000,1020.500000,70.050000,1020.600000,403.880000,1020.700000,53.620000,1020.800000,121.440000,1020.900000,14.710000,1021.000000,107.660000,1021.100000,13.940000
1759175644.268083,177366168958,1020.100000,64.800000,1020.000000,4.020000,1019.900000,125.530000,1019.800000,36.270000,1019.700000,117.640000,1019.600000,13.340000,1019.500000,6.520000,1019.400000,17.290000,1019.300000,30.110000,1019.200000,7.170000,1020.200000,0.080000,1020.300000,22.070000,1020.400000,227.120000,1020.500000,70.050000,1020.600000,403.880000,1020.700000,53.620000,1020.800000,121.440000,1020.900000,14.710000,1021.000000,107.660000,1021.100000,13.940000
1759175644.6889033,177366175100,1020.100000,64.840000,1020.000000,4.660000,1019.900000,125.530000,1019.800000,36.270000,1019.700000,117.640000,1019.600000,13.340000,1019.500000,6.520000,1019.400000,17.290000,1019.300000,30.110000,1019.200000,7.170000,1020.200000,0.080000,1020.300000,22.070000,1020.400000,221.360000,1020.500000,30.050000,1020.600000,403.880000,1020.700000,53.620000,1020.800000,121.440000,1020.900000,14.710000,1021.000000,107.660000,1021.100000,13.940000
1759175645.0951865,177366181406,1020.100000,64.930000,1020.000000,4.570000,1019.900000,124.030000,1019.800000,36.270000,1019.700000,117.640000,1019.600000,13.340000,1019.500000,6.520000,1019.400000,17.290000,1019.300000,30.110000,1019.200000,7.170000,1020.200000,0.080000,1020.300000,22.160000,1020.400000,221.720000,1020.500000,30.050000,1020.600000,403.880000,1020.700000,53.620000,1020.800000,121.440000,1020.900000,14.710000,1021.000000,107.660000,1021.100000,13.940000
1759175645.3385308,177366182887,1020.100000,66.430000,1020.000000,4.570000,1019.900000,124.040000,1019.800000,36.260000,1019.700000,117.640000,1019.600000,13.340000,1019.500000,6.520000,1019.400000,17.290000,1019.300000,30.110000,1019.200000,7.170000,1020.200000,0.080000,1020.300000,22.160000,1020.400000,221.720000,1020.500000,30.050000,1020.600000,403.880000,1020.700000,53.620000,1020.800000,121.440000,1020.900000,14.710000,1021.000000,107.660000,1021.100000,13.940000
1759175645.737786,177366192370,1020.100000,66.430000,1020.000000,4.570000,1019.900000,124.950000,1019.800000,36.260000,1019.700000,117.640000,1019.600000,13.340000,1019.500000,6.520000,1019.400000,17.290000,1019.300000,30.110000,1019.200000,7.170000,1020.200000,0.080000,1020.300000,21.160000,1020.400000,221.720000,1020.500000,30.050000,1020.600000,403.880000,1020.700000,53.620000,1020.800000,121.440000,1020.900000,14.710000,1021.000000,107.660000,1021.100000,13.940000
1759175646.0369549,177366193524,1020.100000,66.430000,1020.000000,4.570000,1019.900000,124.950000,1019.800000,36.260000,1019.700000,117.640000,1019.600000,13.340000,1019.500000,6.520000,1019.400000,17.290000,1019.300000,30.110000,1019.200000,7.170000,1020.200000,0.080000,1020.300000,23.070000,1020.400000,221.720000,1020.500000,30.050000,1020.600000,403.880000,1020.700000,53.620000,1020.800000,121.440000,1020.900000,14.710000,1021.000000,107.660000,1021.100000,13.940000
1759175646.8153894,177366206826,1020.100000,66.630000,1020.000000,4.570000,1019.900000,124.950000,1019.800000,36.260000,1019.700000,117.640000,1019.600000,13.340000,1019.500000,6.520000,1019.400000,17.290000,1019.300000,30.110000,1019.200000,7.170000,1020.300000,22.080000,1020.400000,25.180000,1020.500000,30.050000,1020.600000,403.880000,1020.700000,53.620000,1020.800000,121.440000,1020.900000,14.710000,1021.000000,8.840000,1021.100000,13.940000,1021.200000,18.600000
1759175647.0779746,177366209482,1020.200000,0.360000,1020.100000,29.380000,1020.000000,1.590000,1019.900000,124.950000,1019.800000,36.260000,1019.700000,117.640000,1019.600000,13.340000,1019.500000,6.520000,1019.400000,17.290000,1019.300000,30.110000,1020.300000,22.120000,1020.400000,25.180000,1020.500000,226.140000,1020.600000,403.880000,1020.700000,53.620000,1020.800000,121.440000,1020.900000,14.710000,1021.000000,8.840000,1021.100000,13.940000,1021.200000,117.400000
1759175647.3407714,177366215964,1020.200000,3.190000,1020.100000,26.550000,1020.000000,16.290000,1019.900000,124.950000,1019.800000,36.260000,1019.700000,102.930000,1019.600000,13.340000,1019.500000,6.520000,1019.400000,17.290000,1019.300000,30.110000,1020.300000,22.080000,1020.400000,25.180000,1020.500000,226.140000,1020.600000,403.880000,1020.700000,53.620000,1020.800000,121.440000,1020.900000,14.710000,1021.000000,8.840000,1021.100000,13.940000,1021.200000,117.400000
1759175647.7966516,177366222117,1020.200000,4.990000,1020.100000,24.930000,1020.000000,16.110000,1019.900000,124.950000,1019.800000,36.260000,1019.700000,102.930000,1019.600000,13.340000,1019.500000,6.520000,1019.400000,17.290000,1019.300000,30.110000,1020.300000,22.120000,1020.400000,25.270000,1020.500000,226.590000,1020.600000,403.880000,1020.700000,53.620000,1020.800000,121.440000,1020.900000,54.710000,1021.000000,8.840000,1021.100000,13.940000,1021.200000,117.400000
1759175650.5248456,177366271001,1020.200000,4.990000,1020.100000,24.930000,1020.000000,16.110000,1019.900000,124.950000,1019.800000,36.260000,1019.700000,102.930000,1019.600000,13.340000,1019.500000,6.520000,1019.400000,17.290000,1019.300000,30.110000,1020.300000,21.100000,1020.400000,25.270000,1020.500000,226.590000,1020.600000,403.880000,1020.700000,53.620000,1020.800000,121.440000,1020.900000,54.710000,1021.000000,8.840000,1021.100000,13.940000,1021.200000,117.400000
1759175650.9279997,177366278179,1020.200000,4.990000,1020.100000,25.470000,1020.000000,16.650000,1019.900000,124.950000,1019.800000,36.260000,1019.700000,102.930000,1019.600000,12.800000,1019.500000,5.450000,1019.400000,17.290000,1019.300000,30.110000,1020.300000,21.100000,1020.400000,25.270000,1020.500000,226.590000,1020.600000,403.880000,1020.700000,53.620000,1020.800000,121.440000,1020.900000,54.710000,1021.000000,8.840000,1021.100000,13.940000,1021.200000,117.400000
1759175651.1835089,177366279905,1020.200000,4.990000,1020.100000,25.470000,1020.000000,16.650000,1019.900000,124.950000,1019.800000,36.260000,1019.700000,102.930000,1019.600000,12.800000,1019.500000,5.450000,1019.400000,17.290000,1019.300000,30.110000,1020.300000,20.290000,1020.400000,25.270000,1020.500000,226.590000,1020.600000,403.880000,1020.700000,54.690000,1020.800000,122.520000,1020.900000,54.710000,1021.000000,8.840000,1021.100000,13.940000,1021.200000,117.400000
1759175651.5114584,177366286652,1020.200000,4.990000,1020.100000,25.470000,1020.000000,16.650000,1019.900000,124.950000,1019.800000,36.260000,1019.700000,102.930000,1019.600000,12.800000,1019.500000,5.450000,1019.400000,17.290000,1019.300000,30.110000,1020.300000,19.310000,1020.400000,25.270000,1020.500000,226.590000,1020.600000,403.880000,1020.700000,54.690000,1020.800000,122.520000,1020.900000,54.710000,1021.000000,8.840000,1021.100000,13.940000,1021.200000,117.400000
1759175651.772189,177366291190,1020.200000,4.990000,1020.100000,25.470000,1020.000000,16.650000,1019.900000,123.040000,1019.800000,36.260000,1019.700000,102.930000,1019.600000,12.800000,1019.500000,5.450000,1019.400000,17.290000,1019.300000,30.110000,1020.300000,17.360000,1020.400000,25.270000,1020.500000,226.590000,1020.600000,403.880000,1020.700000,54.690000,1020.800000,122.520000,1020.900000,54.710000,1021.000000,8.840000,1021.100000,13.940000,1021.200000,117.400000
1759175652.030412,177366297115,1020.200000,5.190000,1020.100000,25.470000,1020.000000,18.650000,1019.900000,123.040000,1019.800000,36.260000,1019.700000,103.700000,1019.600000,11.720000,1019.500000,5.450000,1019.400000,17.290000,1019.300000,30.110000,1020.400000,2.390000,1020.500000,228.590000,1020.600000,418.580000,1020.700000,54.690000,1020.800000,122.520000,1020.900000,40.010000,1021.000000,8.840000,1021.100000,13.940000,1021.200000,117.400000,1021.300000,1.050000
1759175652.303566,177366300775,1020.200000,5.730000,1020.100000,26.010000,1020.000000,18.650000,1019.900000,123.040000,1019.800000,36.260000,1019.700000,103.700000,1019.600000,11.720000,1019.500000,5.450000,1019.400000,17.290000,1019.300000,30.110000,1020.400000,3.180000,1020.500000,228.590000,1020.600000,418.580000,1020.700000,54.690000,1020.800000,122.520000,1020.900000,42.170000,1021.000000,8.840000,1021.100000,13.940000,1021.200000,117.400000,1021.300000,1.050000
1759175652.6529455,177366306679,1020.300000,0.020000,1020.200000,5.730000,1020.100000,26.010000,1020.000000,18.650000,1019.900000,123.040000,1019.800000,36.260000,1019.700000,103.700000,1019.600000,11.720000,1019.500000,5.450000,1019.400000,17.290000,1020.400000,62.060000,1020.500000,229.590000,1020.600000,418.580000,1020.700000,54.690000,1020.800000,122.520000,1020.900000,42.170000,1021.000000,8.840000,1021.100000,13.940000,1021.200000,117.400000,1021.300000,1.050000
1759175653.1364045,177366314566,1020.300000,0.380000,1020.200000,5.370000,1020.100000,26.010000,1020.000000,18.650000,1019.900000,123.040000,1019.800000,36.260000,1019.700000,103.700000,1019.600000,11.720000,1019.500000,1.530000,1019.400000,15.330000,1020.400000,62.150000,1020.500000,229.860000,1020.600000,18.580000,1020.700000,54.690000,1020.800000,122.520000,1020.900000,42.170000,1021.000000,8.840000,1021.100000,13.940000,1021.200000,114.460000,1021.300000,1.050000
1759175653.4017482,177366318472,1020.300000,3.210000,1020.200000,2.540000,1020.100000,40.710000,1020.000000,18.650000,1019.900000,123.040000,1019.800000,21.550000,1019.700000,103.700000,1019.600000,11.720000,1019.500000,1.530000,1019.400000,15.330000,1020.400000,62.150000,1020.500000,229.860000,1020.600000,18.580000,1020.700000,54.690000,1020.800000,122.520000,1020.900000,42.170000,1021.000000,8.840000,1021.100000,13.940000,1021.200000,114.460000,1021.300000,3.990000
1759175653.7787278,177366321927,1020.300000,3.210000,1020.200000,2.540000,1020.100000,40.710000,1020.000000,18.650000,1019.900000,123.040000,1019.800000,21.550000,1019.700000,103.700000,1019.600000,15.640000,1019.500000,1.530000,1019.400000,15.330000,1020.400000,62.150000,1020.500000,229.860000,1020.600000,18.580000,1020.700000,54.690000,1020.800000,122.520000,1020.900000,42.170000,1021.000000,8.840000,1021.100000,13.940000,1021.200000,114.460000,1021.300000,3.990000
1759175654.1210978,177366329927,1020.300000,4.650000,1020.200000,1.550000,1020.100000,40.260000,1020.000000,18.650000,1019.900000,123.040000,1019.800000,21.550000,1019.700000,103.700000,1019.600000,15.640000,1019.500000,3.490000,1019.400000,15.330000,1020.400000,62.150000,1020.500000,231.480000,1020.600000,18.580000,1020.700000,54.690000,1020.800000,122.520000,1020.900000,42.170000,1021.000000,8.840000,1021.100000,13.940000,1021.200000,114.460000,1021.300000,3.990000
1759175655.166145,177366346483,1020.300000,4.650000,1020.200000,1.550000,1020.100000,40.260000,1020.000000,16.100000,1019.900000,123.040000,1019.800000,21.550000,1019.700000,103.700000,1019.600000,15.640000,1019.500000,3.490000,1019.400000,15.330000,1020.400000,59.970000,1020.500000,231.480000,1020.600000,18.580000,1020.700000,54.690000,1020.800000,122.520000,1020.900000,42.170000,1021.000000,8.840000,1021.100000,13.940000,1021.200000,114.460000,1021.300000,3.990000
1759175655.4416087,177366348781,1020.300000,4.650000,1020.200000,1.550000,1020.100000,40.260000,1020.000000,16.740000,1019.900000,123.040000,1019.800000,21.550000,1019.700000,103.700000,1019.600000,15.640000,1019.500000,3.490000,1019.400000,15.330000,1020.400000,60.320000,1020.500000,231.480000,1020.600000,18.580000,1020.700000,54.690000,1020.800000,122.520000,1020.900000,42.170000,1021.000000,8.840000,1021.100000,13.940000,1021.200000,114.460000,1021.300000,3.990000
1759175656.1710281,177366358731,1020.300000,4.650000,1020.200000,1.550000,1020.100000,40.260000,1020.000000,16.740000,1019.900000,123.040000,1019.800000,21.550000,1019.700000,103.700000,1019.600000,15.640000,1019.500000,3.490000,1019.400000,15.330000,1020.400000,60.320000,1020.500000,231.480000,1020.600000,18.580000,1020.700000,54.690000,1020.800000,122.520000,1020.900000,42.170000,1021.000000,408.840000,1021.100000,13.940000,1021.200000,114.460000,1021.300000,3.990000
1759175656.635491,177366367708,1020.300000,4.650000,1020.200000,1.550000,1020.100000,40.260000,1020.000000,16.740000,1019.900000,123.040000,1019.800000,21.550000,1019.700000,103.700000,1019.600000,15.640000,1019.500000,3.490000,1019.400000,15.330000,1020.400000,60.450000,1020.500000,231.480000,1020.600000,18.580000,1020.700000,54.690000,1020.800000,122.520000,1020.900000,42.170000,1021.000000,408.840000,1021.100000,13.940000,1021.200000,114.460000,1021.300000,3.990000
1759175657.0602221,177366373379,1020.300000,4.650000,1020.200000,1.550000,1020.100000,40.220000,1020.000000,16.740000,1019.900000,123.040000,1019.800000,21.550000,1019.700000,103.700000,1019.600000,15.640000,1019.500000,3.490000,1019.400000,15.330000,1020.400000,60.450000,1020.500000,231.480000,1020.600000,18.580000,1020.700000,54.690000,1020.800000,122.520000,1020.900000,42.170000,1021.000000,408.840000,1021.100000,13.940000,1021.200000,114.460000,1021.300000,3.990000
1759175657.422659,177366379623,1020.300000,4.690000,1020.200000,1.550000,1020.100000,40.220000,1020.000000,16.740000,1019.900000,123.040000,1019.800000,21.550000,1019.700000,103.700000,1019.600000,15.640000,1019.500000,3.490000,1019.400000,15.330000,1020.400000,60.260000,1020.500000,231.480000,1020.600000,18.580000,1020.700000,54.690000,1020.800000,122.520000,1020.900000,42.170000,1021.000000,408.840000,1021.100000,13.940000,1021.200000,114.460000,1021.300000,3.990000
1759175657.9285743,177366388469,1020.300000,4.690000,1020.200000,1.550000,1020.100000,42.130000,1020.000000,16.740000,1019.900000,123.040000,1019.800000,21.550000,1019.700000,103.700000,1019.600000,15.640000,1019.500000,3.490000,1019.400000,15.330000,1020.400000,60.260000,1020.500000,233.390000,1020.600000,18.580000,1020.700000,54.690000,1020.800000,122.520000,1020.900000,42.170000,1021.000000,408.840000,1021.100000,13.940000,1021.200000,114.460000,1021.300000,3.990000
1759175659.9845228,177366416756,1020.300000,4.690000,1020.200000,1.550000,1020.100000,41.930000,1020.000000,16.740000,1019.900000,123.040000,1019.800000,21.550000,1019.700000,103.700000,1019.600000,15.640000,1019.500000,3.490000,1019.400000,15.330000,1020.400000,60.260000,1020.500000,233.390000,1020.600000,18.580000,1020.700000,54.690000,1020.800000,122.520000,1020.900000,42.170000,1021.000000,408.840000,1021.100000,13.940000,1021.200000,114.460000,1021.300000,3.990000
1759175661.4714763,177366446244,1020.300000,4.690000,1020.200000,4.650000,1020.100000,42.950000,1020.000000,28.250000,1019.900000,123.040000,1019.800000,21.550000,1019.700000,103.700000,1019.600000,15.640000,1019.500000,3.490000,1019.400000,15.330000,1020.500000,232.810000,1020.600000,3.880000,1020.700000,54.690000,1020.800000,122.520000,1020.900000,56.870000,1021.000000,408.840000,1021.100000,13.940000,1021.200000,114.460000,1021.300000,3.990000,1021.400000,4.010000
1759175661.848609,177366453438,1020.300000,4.690000,1020.200000,4.650000,1020.100000,42.950000,1020.000000,28.250000,1019.900000,123.040000,1019.800000,21.550000,1019.700000,103.700000,1019.600000,15.640000,1019.500000,3.490000,1019.400000,15.330000,1020.400000,0.040000,1020.500000,232.320000,1020.600000,3.880000,1020.700000,54.690000,1020.800000,122.520000,1020.900000,56.870000,1021.000000,408.840000,1021.100000,13.940000,1021.200000,114.460000,1021.300000,3.990000
1759175662.307391,177366461997,1020.300000,3.340000,1020.200000,4.650000,1020.100000,42.860000,1020.000000,28.250000,1019.900000,122.940000,1019.800000,21.550000,1019.700000,103.700000,1019.600000,15.640000,1019.500000,3.490000,1019.400000,15.330000,1020.400000,247.250000,1020.500000,232.030000,1020.600000,19.480000,1020.700000,54.690000,1020.800000,122.520000,1020.900000,42.170000,1021.000000,408.840000,1021.100000,13.940000,1021.200000,114.460000,1021.300000,3.990000
1759175662.6101773,177366465956,1020.400000,1.080000,1020.300000,3.540000,1020.200000,4.750000,1020.100000,42.860000,1020.000000,28.250000,1019.900000,122.940000,1019.800000,21.550000,1019.700000,103.700000,1019.600000,15.640000,1019.500000,3.490000,1020.500000,476.280000,1020.600000,7.780000,1020.700000,54.690000,1020.800000,122.520000,1020.900000,56.870000,1021.000000,408.840000,1021.100000,13.940000,1021.200000,114.460000,1021.300000,3.990000,1021.400000,4.010000
1759175662.875257,177366467585,1020.400000,3.910000,1020.300000,0.810000,1020.200000,4.750000,1020.100000,42.860000,1020.000000,28.350000,1019.900000,122.940000,1019.800000,21.550000,1019.700000,103.700000,1019.600000,15.640000,1019.500000,3.490000,1020.500000,476.280000,1020.600000,7.780000,1020.700000,54.690000,1020.800000,122.520000,1020.900000,56.870000,1021.000000,408.840000,1021.100000,13.940000,1021.200000,114.460000,1021.300000,3.990000,1021.400000,4.010000
1759175663.1493719,177366475275,1020.400000,3.910000,1020.300000,0.810000,1020.200000,4.770000,1020.100000,42.860000,1020.000000,28.350000,1019.900000,122.940000,1019.800000,24.470000,1019.700000,100.760000,1019.600000,11.720000,1019.500000,1.530000,1020.500000,476.370000,1020.600000,7.870000,1020.700000,54.690000,1020.800000,122.520000,1020.900000,56.870000,1021.000000,408.840000,1021.100000,13.940000,1021.200000,114.460000,1021.300000,1.050000,1021.400000,0.090000
1759175663.3999457,177366478534,1020.400000,4.270000,1020.300000,0.450000,1020.200000,4.860000,1020.100000,42.770000,1020.000000,28.350000,1019.900000,122.940000,1019.800000,24.470000,1019.700000,100.760000,1019.600000,11.720000,1019.500000,1.530000,1020.500000,476.370000,1020.600000,7.960000,1020.700000,54.690000,1020.800000,122.520000,1020.900000,56.870000,1021.000000,408.840000,1021.100000,13.940000,1021.200000,114.460000,1021.300000,3.990000,1021.400000,0.090000
1759175663.8160896,177366481420,1020.400000,4.270000,1020.300000,0.450000,1020.200000,4.860000,1020.100000,42.770000,1020.000000,28.350000,1019.900000,122.940000,1019.800000,24.470000,1019.700000,100.760000,1019.600000,15.640000,1019.500000,1.530000,1020.500000,476.370000,1020.600000,7.960000,1020.700000,54.690000,1020.800000,122.520000,1020.900000,56.870000,1021.000000,408.840000,1021.100000,13.940000,1021.200000,114.460000,1021.300000,3.990000,1021.400000,0.090000
1759175664.072416,177366490119,1020.400000,4.270000,1020.300000,0.450000,1020.200000,6.630000,1020.100000,40.860000,1020.000000,28.350000,1019.900000,122.940000,1019.800000,24.470000,1019.700000,100.760000,1019.600000,15.640000,1019.500000,3.490000,1020.500000,474.460000,1020.600000,7.960000,1020.700000,54.690000,1020.800000,122.520000,1020.900000,56.870000,1021.000000,408.840000,1021.100000,13.940000,1021.200000,114.460000,1021.300000,3.990000,1021.400000,0.090000
1759175664.3499908,177366491103,1020.400000,4.270000,1020.300000,0.450000,1020.200000,6.630000,1020.100000,40.860000,1020.000000,28.350000,1019.900000,122.940000,1019.800000,24.470000,1019.700000,100.760000,1019.600000,15.640000,1019.500000,3.490000,1020.500000,474.460000,1020.600000,9.730000,1020.700000,54.690000,1020.800000,122.520000,1020.900000,56.870000,1021.000000,408.840000,1021.100000,13.940000,1021.200000,114.460000,1021.300000,3.990000,1021.400000,0.090000
1759175664.6993966,177366500087,1020.400000,4.630000,1020.300000,0.430000,1020.200000,6.630000,1020.100000,40.780000,1020.000000,28.270000,1019.900000,122.940000,1019.800000,24.470000,1019.700000,100.760000,1019.600000,15.640000,1019.500000,3.490000,1020.500000,474.460000,1020.600000,9.730000,1020.700000,54.690000,1020.800000,122.520000,1020.900000,56.870000,1021.000000,408.840000,1021.100000,13.940000,1021.200000,114.460000,1021.300000,3.990000,1021.400000,0.090000
1759175665.259087,177366507741,1020.400000,6.150000,1020.300000,0.430000,1020.200000,6.630000,1020.100000,39.280000,1020.000000,28.270000,1019.900000,122.940000,1019.800000,24.470000,1019.700000,100.760000,1019.600000,15.640000,1019.500000,3.490000,1020.500000,474.460000,1020.600000,9.730000,1020.700000,54.690000,1020.800000,122.520000,1020.900000,56.870000,1021.000000,408.840000,1021.100000,13.940000,1021.200000,114.460000,1021.300000,3.990000,1021.400000,0.090000
1759175665.9070914,177366519795,1020.400000,6.150000,1020.300000,0.590000,1020.200000,6.630000,1020.100000,39.280000,1020.000000,27.630000,1019.900000,122.940000,1019.800000,24.470000,1019.700000,100.760000,1019.600000,15.640000,1019.500000,3.490000,1020.500000,474.460000,1020.600000,9.890000,1020.700000,54.690000,1020.800000,122.520000,1020.900000,56.870000,1021.000000,408.840000,1021.100000,13.940000,1021.200000,114.460000,1021.300000,3.990000,1021.400000,0.090000
1759175666.4334364,177366524547,1020.400000,6.150000,1020.300000,0.590000,1020.200000,6.630000,1020.100000,39.280000,1020.000000,27.630000,1019.900000,122.940000,1019.800000,24.470000,1019.700000,100.760000,1019.600000,15.640000,1019.500000,3.490000,1020.500000,474.460000,1020.600000,9.890000,1020.700000,54.690000,1020.800000,122.520000,1020.900000,56.870000,1021.000000,408.840000,1021.100000,13.940000,1021.200000,114.460000,1021.300000,3.990000,1021.400000,0.090000
1759175666.7873695,177366533906,1020.400000,6.150000,1020.300000,0.590000,1020.200000,6.630000,1020.100000,39.280000,1020.000000,27.630000,1019.900000,122.940000,1019.800000,24.470000,1019.700000,100.760000,1019.600000,15.640000,1019.500000,3.490000,1020.500000,479.740000,1020.600000,9.890000,1020.700000,54.690000,1020.800000,122.520000,1020.900000,56.870000,1021.000000,408.840000,1021.100000,13.940000,1021.200000,114.460000,1021.300000,3.990000,1021.400000,0.090000
1759175667.2332978,177366537012,1020.400000,6.150000,1020.300000,0.590000,1020.200000,6.630000,1020.100000,39.280000,1020.000000,27.630000,1019.900000,122.940000,1019.800000,24.470000,1019.700000,100.760000,1019.600000,15.640000,1019.500000,33.490000,1020.500000,473.980000,1020.600000,9.890000,1020.700000,54.690000,1020.800000,122.520000,1020.900000,56.870000,1021.000000,408.840000,1021.100000,13.940000,1021.200000,114.460000,1021.300000,3.990000,1021.400000,0.090000
1759175667.5790606,177366542402,1020.400000,6.150000,1020.300000,0.590000,1020.200000,6.630000,1020.100000,39.280000,1020.000000,27.630000,1019.900000,122.940000,1019.800000,24.470000,1019.700000,100.760000,1019.600000,15.640000,1019.500000,33.490000,1020.500000,473.980000,1020.600000,9.890000,1020.700000,54.690000,1020.800000,122.520000,1020.900000,56.870000,1021.000000,408.840000,1021.100000,13.940000,1021.200000,114.460000,1021.300000,3.990000,1021.400000,0.090000
1759175667.9009838,177366552206,1020.400000,6.150000,1020.300000,0.590000,1020.200000,6.630000,1020.100000,39.280000,1020.000000,27.630000,1019.900000,122.940000,1019.800000,24.470000,1019.700000,100.760000,1019.600000,15.640000,1019.500000,33.490000,1020.500000,474.440000,1020.600000,9.890000,1020.700000,54.690000,1020.800000,122.520000,1020.900000,56.870000,1021.000000,408.840000,1021.100000,13.940000,1021.200000,114.460000,1021.300000,3.990000,1021.400000,0.090000
1759175668.4338105,177366559478,1020.400000,6.150000,1020.300000,20.120000,1020.200000,20.930000,1020.100000,126.360000,1020.000000,27.630000,1019.900000,100.410000,1019.800000,24.470000,1019.700000,16.650000,1019.600000,15.640000,1019.500000,33.490000,1020.500000,35.000000,1020.600000,205.510000,1020.700000,54.690000,1020.800000,15.900000,1020.900000,56.870000,1021.000000,408.840000,1021.100000,120.520000,1021.200000,114.460000,1021.300000,3.990000,1021.400000,0.090000
1759175668.6877277,177366567511,1020.400000,6.690000,1020.300000,23.390000,1020.200000,17.120000,1020.100000,122.360000,1020.000000,27.640000,1019.900000,103.350000,1019.800000,21.530000,1019.700000,16.650000,1019.600000,11.720000,1019.500000,31.530000,1020.500000,33.870000,1020.600000,204.970000,1020.700000,56.850000,1020.800000,15.900000,1020.900000,56.870000,1021.000000,408.720000,1021.100000,120.520000,1021.200000,99.750000,1021.300000,1.170000,1021.400000,3.030000
1759175669.1269994,177366576015,1020.400000,56.530000,1020.300000,3.960000,1020.200000,17.120000,1020.100000,122.370000,1020.000000,27.630000,1019.900000,103.350000,1019.800000,21.530000,1019.700000,16.650000,1019.600000,11.720000,1019.500000,31.530000,1020.500000,28.060000,1020.600000,8.810000,1020.700000,218.040000,1020.800000,15.900000,1020.900000,56.870000,1021.000000,423.420000,1021.100000,140.320000,1021.200000,0.950000,1021.300000,1.170000,1021.400000,101.810000
1759175669.4100368,177366581458,1020.400000,50.120000,1020.300000,3.920000,1020.200000,17.120000,1020.100000,122.370000,1020.000000,27.630000,1019.900000,103.350000,1019.800000,21.530000,1019.700000,20.570000,1019.600000,11.720000,1019.500000,31.530000,1020.500000,27.330000,1020.600000,10.310000,1020.700000,218.040000,1020.800000,15.900000,1020.900000,56.870000,1021.000000,423.420000,1021.100000,140.320000,1021.200000,0.950000,1021.300000,1.170000,1021.400000,101.810000
1759175669.6778839,177366587011,1020.400000,52.450000,1020.300000,3.920000,1020.200000,17.040000,1020.100000,122.360000,1020.000000,27.630000,1019.900000,103.350000,1019.800000,21.530000,1019.700000,20.570000,1019.600000,13.680000,1019.500000,31.530000,1020.500000,28.980000,1020.600000,10.600000,1020.700000,218.220000,1020.800000,15.900000,1020.900000,56.870000,1021.000000,423.420000,1021.100000,140.320000,1021.200000,0.950000,1021.300000,1.170000,1021.400000,101.810000
1759175669.9655495,177366587760,1020.400000,52.490000,1020.300000,3.920000,1020.200000,17.040000,1020.100000,122.360000,1020.000000,27.630000,1019.900000,103.350000,1019.800000,21.530000,1019.700000,20.570000,1019.600000,13.680000,1019.500000,31.530000,1020.500000,28.980000,1020.600000,10.600000,1020.700000,218.220000,1020.800000,15.900000,1020.900000,56.870000,1021.000000,423.420000,1021.100000,140.320000,1021.200000,0.950000,1021.300000,1.170000,1021.400000,101.810000
1759175670.3290837,177366596787,1020.400000,52.490000,1020.300000,3.920000,1020.200000,17.040000,1020.100000,122.360000,1020.000000,27.630000,1019.900000,103.350000,1019.800000,21.530000,1019.700000,20.570000,1019.600000,13.680000,1019.500000,31.530000,1020.500000,28.980000,1020.600000,8.830000,1020.700000,218.220000,1020.800000,15.900000,1020.900000,56.870000,1021.000000,423.420000,1021.100000,140.320000,1021.200000,0.950000,1021.300000,1.170000,1021.400000,101.810000
1759175670.617065,177366602251,1020.400000,52.230000,1020.300000,4.100000,1020.200000,17.040000,1020.100000,122.360000,1020.000000,27.630000,1019.900000,103.350000,1019.800000,21.530000,1019.700000,20.570000,1019.600000,13.680000,1019.500000,31.530000,1020.500000,28.980000,1020.600000,12.310000,1020.700000,216.960000,1020.800000,15.900000,1020.900000,56.870000,1021.000000,423.420000,1021.100000,140.320000,1021.200000,0.950000,1021.300000,1.170000,1021.400000,101.810000
1759175671.0102386,177366607627,1020.400000,52.230000,1020.300000,4.100000,1020.200000,17.040000,1020.100000,122.360000,1020.000000,27.630000,1019.900000,103.350000,1019.800000,21.530000,1019.700000,20.570000,1019.600000,13.680000,1019.500000,31.530000,1020.500000,28.000000,1020.600000,12.310000,1020.700000,216.960000,1020.800000,15.900000,1020.900000,56.870000,1021.000000,423.420000,1021.100000,140.320000,1021.200000,0.950000,1021.300000,1.170000,1021.400000,101.810000
1759175672.020504,177366623745,1020.400000,52.230000,1020.300000,4.100000,1020.200000,17.040000,1020.100000,122.360000,1020.000000,27.630000,1019.900000,103.350000,1019.800000,21.530000,1019.700000,20.570000,1019.600000,13.680000,1019.500000,31.530000,1020.500000,27.020000,1020.600000,12.310000,1020.700000,216.960000,1020.800000,15.900000,1020.900000,56.870000,1021.000000,423.420000,1021.100000,140.320000,1021.200000,0.950000,1021.300000,1.170000,1021.400000,101.810000
1759175672.6058285,177366632058,1020.400000,52.230000,1020.300000,4.100000,1020.200000,17.040000,1020.100000,122.360000,1020.000000,27.630000,1019.900000,103.350000,1019.800000,21.530000,1019.700000,20.570000,1019.600000,13.680000,1019.500000,31.530000,1020.500000,27.020000,1020.600000,12.310000,1020.700000,216.960000,1020.800000,15.900000,1020.900000,56.870000,1021.000000,423.420000,1021.100000,140.320000,1021.200000,0.950000,1021.300000,1.170000,1021.400000,101.810000
1759175673.1519434,177366641414,1020.400000,52.230000,1020.300000,4.100000,1020.200000,17.040000,1020.100000,122.360000,1020.000000,27.630000,1019.900000,103.350000,1019.800000,21.530000,1019.700000,20.570000,1019.600000,13.680000,1019.500000,31.530000,1020.500000,26.040000,1020.600000,12.310000,1020.700000,216.960000,1020.800000,15.900000,1020.900000,56.870000,1021.000000,423.420000,1021.100000,140.320000,1021.200000,0.950000,1021.300000,1.170000,1021.400000,101.810000
1759175673.4126277,177366645357,1020.400000,52.230000,1020.300000,4.100000,1020.200000,17.040000,1020.100000,122.360000,1020.000000,27.630000,1019.900000,103.350000,1019.800000,21.530000,1019.700000,20.570000,1019.600000,13.680000,1019.500000,31.530000,1020.500000,26.040000,1020.600000,12.310000,1020.700000,216.960000,1020.800000,15.900000,1020.900000,56.870000,1021.000000,423.420000,1021.100000,140.320000,1021.200000,0.950000,1021.300000,1.170000,1021.400000,101.810000
1759175674.2345815,177366660420,1020.400000,52.230000,1020.300000,4.100000,1020.200000,17.040000,1020.100000,122.360000,1020.000000,27.630000,1019.900000,103.350000,1019.800000,21.530000,1019.700000,20.570000,1019.600000,13.680000,1019.500000,31.530000,1020.500000,25.060000,1020.600000,12.310000,1020.700000,216.960000,1020.800000,15.900000,1020.900000,56.870000,1021.000000,423.420000,1021.100000,140.320000,1021.200000,0.950000,1021.300000,1.170000,1021.400000,101.810000
1759175675.1225889,177366678053,1020.400000,172.260000,1020.300000,3.900000,1020.200000,135.610000,1020.100000,18.720000,1020.000000,27.630000,1019.900000,1.620000,1019.800000,1.730000,1019.700000,16.650000,1019.600000,41.720000,1019.500000,4.530000,1020.500000,25.060000,1020.600000,7.330000,1020.700000,8.680000,1020.800000,205.890000,1020.900000,16.870000,1021.000000,23.420000,1021.100000,48.440000,1021.200000,0.950000,1021.300000,547.730000,1021.400000,98.870000
1759175675.2986088,177366682506,1020.400000,172.260000,1020.300000,3.700000,1020.200000,135.610000,1020.100000,18.720000,1020.000000,27.630000,1019.900000,5.540000,1019.800000,1.730000,1019.700000,16.650000,1019.600000,41.720000,1019.500000,4.530000,1020.500000,21.450000,1020.600000,7.330000,1020.700000,8.680000,1020.800000,200.130000,1020.900000,16.870000,1021.000000,23.420000,1021.100000,48.440000,1021.200000,0.950000,1021.300000,547.730000,1021.400000,98.870000
1759175675.9029233,177366691690,1020.400000,172.260000,1020.300000,3.700000,1020.200000,135.610000,1020.100000,18.720000,1020.000000,27.630000,1019.900000,5.540000,1019.800000,3.690000,1019.700000,16.650000,1019.600000,41.720000,1019.500000,4.530000,1020.500000,21.450000,1020.600000,7.330000,1020.700000,8.860000,1020.800000,200.400000,1020.900000,16.870000,1021.000000,23.420000,1021.100000,48.440000,1021.200000,0.950000,1021.300000,547.730000,1021.400000,98.870000
1759175676.381144,177366701438,1020.400000,172.260000,1020.300000,3.700000,1020.200000,135.610000,1020.100000,18.720000,1020.000000,27.630000,1019.900000,5.540000,1019.800000,3.690000,1019.700000,16.650000,1019.600000,41.720000,1019.500000,4.530000,1020.500000,21.450000,1020.600000,5.560000,1020.700000,9.860000,1020.800000,199.400000,1020.900000,16.870000,1021.000000,23.420000,1021.100000,48.440000,1021.200000,0.950000,1021.300000,547.730000,1021.400000,98.870000
1759175676.7699316,177366707344,1020.400000,172.260000,1020.300000,3.700000,1020.200000,135.610000,1020.100000,18.720000,1020.000000,27.630000,1019.900000,5.540000,1019.800000,3.690000,1019.700000,16.650000,1019.600000,41.720000,1019.500000,4.530000,1020.500000,21.450000,1020.600000,7.330000,1020.700000,9.860000,1020.800000,199.400000,1020.900000,16.870000,1021.000000,23.420000,1021.100000,48.440000,1021.200000,0.950000,1021.300000,547.730000,1021.400000,98.870000
1759175677.0521386,177366710786,1020.400000,172.800000,1020.300000,3.160000,1020.200000,135.610000,1020.100000,18.720000,1020.000000,27.630000,1019.900000,5.540000,1019.800000,3.690000,1019.700000,16.650000,1019.600000,41.720000,1019.500000,4.530000,1020.500000,21.450000,1020.600000,7.330000,1020.700000,10.940000,1020.800000,200.660000,1020.900000,16.870000,1021.000000,23.420000,1021.100000,48.440000,1021.200000,0.950000,1021.300000,547.730000,1021.400000,98.870000
1759175677.3202186,177366715474,1020.400000,172.800000,1020.300000,3.160000,1020.200000,135.610000,1020.100000,18.720000,1020.000000,27.630000,1019.900000,5.540000,1019.800000,3.690000,1019.700000,16.650000,1019.600000,41.720000,1019.500000,4.530000,1020.500000,21.450000,1020.600000,7.330000,1020.700000,12.940000,1020.800000,198.660000,1020.900000,16.870000,1021.000000,23.420000,1021.100000,48.440000,1021.200000,0.950000,1021.300000,547.730000,1021.400000,98.870000
1759175677.6731212,177366722043,1020.400000,173.000000,1020.300000,3.160000,1020.200000,135.610000,1020.100000,18.720000,1020.000000,27.630000,1019.900000,5.540000,1019.800000,3.690000,1019.700000,16.650000,1019.600000,41.720000,1019.500000,4.530000,1020.500000,21.450000,1020.600000,7.330000,1020.700000,12.940000,1020.800000,198.660000,1020.900000,16.870000,1021.000000,23.420000,1021.100000,48.440000,1021.200000,0.950000,1021.300000,547.730000,1021.400000,98.870000
1759175678.4368474,177366731739,1020.400000,173.000000,1020.300000,3.160000,1020.200000,135.610000,1020.100000,18.720000,1020.000000,27.630000,1019.900000,5.540000,1019.800000,3.690000,1019.700000,16.650000,1019.600000,41.720000,1019.500000,4.530000,1020.500000,20.470000,1020.600000,7.330000,1020.700000,8.680000,1020.800000,206.610000,1020.900000,2.170000,1021.000000,23.420000,1021.100000,48.440000,1021.200000,15.650000,1021.300000,547.730000,1021.400000,98.870000
1759175679.0567532,177366740688,1020.400000,173.000000,1020.300000,3.160000,1020.200000,135.610000,1020.100000,18.720000,1020.000000,27.630000,1019.900000,5.540000,1019.800000,3.690000,1019.700000,16.650000,1019.600000,41.720000,1019.500000,4.530000,1020.500000,20.470000,1020.600000,7.330000,1020.700000,8.680000,1020.800000,206.610000,1020.900000,2.170000,1021.000000,23.420000,1021.100000,48.440000,1021.200000,15.650000,1021.300000,547.730000,1021.400000,98.870000
1759175679.321232,177366749703,1020.400000,172.190000,1020.300000,3.160000,1020.200000,135.610000,1020.100000,18.720000,1020.000000,27.630000,1019.900000,5.540000,1019.800000,3.690000,1019.700000,16.650000,1019.600000,41.720000,1019.500000,4.530000,1020.500000,19.400000,1020.600000,7.330000,1020.700000,8.680000,1020.800000,201.930000,1020.900000,2.800000,1021.000000,23.420000,1021.100000,48.440000,1021.200000,15.650000,1021.300000,547.730000,1021.400000,98.870000
1759175679.5645742,177366750839,1020.400000,172.190000,1020.300000,3.160000,1020.200000,135.610000,1020.100000,18.720000,1020.000000,27.630000,1019.900000,5.540000,1019.800000,3.690000,1019.700000,16.650000,1019.600000,41.720000,1019.500000,4.530000,1020.500000,18.680000,1020.600000,7.330000,1020.700000,8.680000,1020.800000,207.690000,1020.900000,17.500000,1021.000000,23.420000,1021.100000,48.440000,1021.200000,0.950000,1021.300000,547.730000,1021.400000,98.870000
1759175679.8760705,177366754703,1020.400000,172.190000,1020.300000,3.160000,1020.200000,135.610000,1020.100000,18.720000,1020.000000,27.630000,1019.900000,5.540000,1019.800000,3.690000,1019.700000,16.650000,1019.600000,41.720000,1019.500000,4.530000,1020.500000,18.680000,1020.600000,7.330000,1020.700000,8.680000,1020.800000,207.690000,1020.900000,17.500000,1021.000000,23.420000,1021.100000,48.440000,1021.200000,0.950000,1021.300000,547.730000,1021.400000,98.870000
1759175680.1252959,177366761550,1020.400000,158.370000,1020.300000,3.160000,1020.200000,135.600000,1020.100000,15.780000,1020.000000,27.630000,1019.900000,1.620000,1019.800000,1.730000,1019.700000,16.650000,1019.600000,41.720000,1019.500000,4.530000,1020.500000,18.680000,1020.600000,7.330000,1020.700000,8.680000,1020.800000,1.920000,1020.900000,5.890000,1021.000000,219.320000,1021.100000,48.440000,1021.200000,15.650000,1021.300000,547.610000,1021.400000,0.090000
1759175680.384722,177366766605,1020.400000,158.360000,1020.300000,3.170000,1020.200000,138.540000,1020.100000,15.780000,1020.000000,27.630000,1019.900000,1.620000,1019.800000,1.730000,1019.700000,16.650000,1019.600000,41.720000,1019.500000,4.530000,1020.500000,16.220000,1020.600000,7.330000,1020.700000,8.680000,1020.800000,1.920000,1020.900000,5.890000,1021.000000,219.320000,1021.100000,48.440000,1021.200000,15.650000,1021.300000,547.610000,1021.400000,0.090000
1759175680.7170372,177366771867,1020.400000,158.360000,1020.300000,3.160000,1020.200000,138.540000,1020.100000,15.780000,1020.000000,31.550000,1019.900000,1.620000,1019.800000,1.730000,1019.700000,16.650000,1019.600000,41.720000,1019.500000,4.530000,1020.500000,14.260000,1020.600000,7.330000,1020.700000,8.680000,1020.800000,1.920000,1020.900000,5.890000,1021.000000,219.320000,1021.100000,48.440000,1021.200000,15.650000,1021.300000,547.610000,1021.400000,0.090000
1759175680.969284,177366777505,1020.400000,158.360000,1020.300000,3.160000,1020.200000,138.540000,1020.100000,15.780000,1020.000000,31.550000,1019.900000,3.580000,1019.800000,1.730000,1019.700000,16.650000,1019.600000,41.720000,1019.500000,4.530000,1020.500000,11.780000,1020.600000,7.330000,1020.700000,8.680000,1020.800000,1.920000,1020.900000,5.890000,1021.000000,224.740000,1021.100000,48.440000,1021.200000,15.650000,1021.300000,547.610000,1021.400000,0.090000
1759175681.2676394,177366782402,1020.400000,160.620000,1020.300000,3.160000,1020.200000,138.540000,1020.100000,15.780000,1020.000000,31.550000,1019.900000,3.580000,1019.800000,1.730000,1019.700000,16.650000,1019.600000,41.720000,1019.500000,4.530000,1020.500000,9.820000,1020.600000,7.330000,1020.700000,8.680000,1020.800000,2.100000,1020.900000,6.790000,1021.000000,225.010000,1021.100000,48.440000,1021.200000,15.650000,1021.300000,547.610000,1021.400000,0.090000
1759175681.5326383,177366786692,1020.400000,158.950000,1020.300000,3.160000,1020.200000,138.600000,1020.100000,15.850000,1020.000000,31.550000,1019.900000,3.580000,1019.800000,1.730000,1019.700000,16.650000,1019.600000,11.540000,1019.500000,1.580000,1020.600000,7.330000,1020.700000,8.680000,1020.800000,3.100000,1020.900000,5.790000,1021.000000,225.010000,1021.100000,48.440000,1021.200000,15.650000,1021.300000,547.610000,1021.400000,0.090000,1021.500000,29.840000
1759175681.8068802,177366790349,1020.500000,5.760000,1020.400000,132.340000,1020.300000,15.410000,1020.200000,139.140000,1020.100000,16.030000,1020.000000,16.850000,1019.900000,3.580000,1019.800000,0.660000,1019.700000,15.570000,1019.600000,11.540000,1020.600000,7.330000,1020.700000,8.680000,1020.800000,3.100000,1020.900000,5.950000,1021.000000,225.010000,1021.100000,48.440000,1021.200000,15.650000,1021.300000,547.610000,1021.400000,0.090000,1021.500000,29.840000
1759175682.070659,177366794493,1020.500000,44.720000,1020.400000,131.830000,1020.300000,15.410000,1020.200000,139.680000,1020.100000,16.030000,1020.000000,16.850000,1019.900000,3.580000,1019.800000,0.660000,1019.700000,15.570000,1019.600000,11.540000,1020.600000,7.330000,1020.700000,8.770000,1020.800000,5.280000,1020.900000,3.680000,1021.000000,228.240000,1021.100000,48.440000,1021.200000,15.650000,1021.300000,547.610000,1021.400000,0.090000,1021.500000,29.840000
1759175682.4173174,177366800920,1020.500000,39.000000,1020.400000,131.830000,1020.300000,15.410000,1020.200000,137.910000,1020.100000,16.030000,1020.000000,16.950000,1019.900000,3.580000,1019.800000,0.660000,1019.700000,15.570000,1019.600000,11.540000,1020.600000,6.350000,1020.700000,8.770000,1020.800000,5.280000,1020.900000,3.680000,1021.000000,228.240000,1021.100000,48.440000,1021.200000,15.650000,1021.300000,547.610000,1021.400000,0.090000,1021.500000,29.840000
1759175682.6931865,177366804348,1020.500000,38.910000,1020.400000,131.830000,1020.300000,17.180000,1020.200000,137.910000,1020.100000,16.030000,1020.000000,16.950000,1019.900000,3.580000,1019.800000,0.660000,1019.700000,15.570000,1019.600000,11.540000,1020.600000,4.580000,1020.700000,8.770000,1020.800000,5.280000,1020.900000,3.680000,1021.000000,228.240000,1021.100000,48.440000,1021.200000,15.650000,1021.300000,547.610000,1021.400000,0.090000,1021.500000,29.840000
1759175682.943028,177366809191,1020.500000,38.290000,1020.400000,131.830000,1020.300000,17.180000,1020.200000,137.910000,1020.100000,16.030000,1020.000000,16.950000,1019.900000,3.580000,1019.800000,0.660000,1019.700000,15.570000,1019.600000,11.540000,1020.600000,4.580000,1020.700000,10.540000,1020.800000,5.280000,1020.900000,3.680000,1021.000000,228.240000,1021.100000,48.440000,1021.200000,15.650000,1021.300000,547.610000,1021.400000,0.090000,1021.500000,29.840000
1759175683.3766959,177366813184,1020.500000,40.630000,1020.400000,130.660000,1020.300000,17.180000,1020.200000,137.910000,1020.100000,16.030000,1020.000000,16.950000,1019.900000,3.580000,1019.800000,0.660000,1019.700000,15.570000,1019.600000,11.540000,1020.600000,5.060000,1020.700000,11.080000,1020.800000,5.370000,1020.900000,3.050000,1021.000000,228.240000,1021.100000,48.440000,1021.200000,15.650000,1021.300000,547.610000,1021.400000,0.090000,1021.500000,29.840000
1759175684.2600768,177366826104,1020.500000,40.630000,1020.400000,130.660000,1020.300000,17.180000,1020.200000,137.910000,1020.100000,16.030000,1020.000000,16.950000,1019.900000,3.580000,1019.800000,0.660000,1019.700000,15.570000,1019.600000,11.540000,1020.600000,5.060000,1020.700000,11.080000,1020.800000,5.370000,1020.900000,3.050000,1021.000000,228.240000,1021.100000,48.440000,1021.200000,15.650000,1021.300000,547.610000,1021.400000,0.090000,1021.500000,29.840000
1759175684.6122196,177366834241,1020.500000,40.630000,1020.400000,130.660000,1020.300000,17.180000,1020.200000,137.910000,1020.100000,16.030000,1020.000000,16.950000,1019.900000,3.580000,1019.800000,33.660000,1019.700000,15.570000,1019.600000,11.540000,1020.600000,5.060000,1020.700000,11.080000,1020.800000,5.370000,1020.900000,3.050000,1021.000000,228.240000,1021.100000,48.440000,1021.200000,15.650000,1021.300000,547.610000,1021.400000,0.090000,1021.500000,29.840000
1759175685.093205,177366841746,1020.500000,40.630000,1020.400000,129.160000,1020.300000,17.180000,1020.200000,137.910000,1020.100000,16.030000,1020.000000,16.950000,1019.900000,3.580000,1019.800000,33.660000,1019.700000,15.570000,1019.600000,11.540000,1020.600000,5.060000,1020.700000,11.080000,1020.800000,5.370000,1020.900000,3.050000,1021.000000,228.240000,1021.100000,48.440000,1021.200000,15.650000,1021.300000,547.610000,1021.400000,0.090000,1021.500000,29.840000
1759175685.3482208,177366844247,1020.500000,42.130000,1020.400000,129.160000,1020.300000,15.400000,1020.200000,137.910000,1020.100000,16.030000,1020.000000,16.950000,1019.900000,3.580000,1019.800000,33.660000,1019.700000,15.570000,1019.600000,11.540000,1020.600000,4.080000,1020.700000,9.310000,1020.800000,5.370000,1020.900000,3.050000,1021.000000,228.240000,1021.100000,48.440000,1021.200000,15.650000,1021.300000,547.610000,1021.400000,0.090000,1021.500000,29.840000
1759175685.812476,177366851533,1020.500000,42.130000,1020.400000,129.170000,1020.300000,15.400000,1020.200000,137.910000,1020.100000,16.030000,1020.000000,16.950000,1019.900000,3.580000,1019.800000,33.660000,1019.700000,15.570000,1019.600000,11.540000,1020.600000,4.080000,1020.700000,9.310000,1020.800000,5.370000,1020.900000,3.050000,1021.000000,228.240000,1021.100000,48.440000,1021.200000,15.650000,1021.300000,547.610000,1021.400000,0.090000,1021.500000,29.840000
1759175686.2152572,177366856441,1020.500000,42.130000,1020.400000,129.160000,1020.300000,15.410000,1020.200000,137.910000,1020.100000,16.030000,1020.000000,16.950000,1019.900000,3.580000,1019.800000,33.660000,1019.700000,15.570000,1019.600000,11.540000,1020.600000,4.080000,1020.700000,9.310000,1020.800000,5.370000,1020.900000,3.050000,1021.000000,228.240000,1021.100000,48.440000,1021.200000,15.650000,1021.300000,547.610000,1021.400000,0.090000,1021.500000,29.840000
1759175686.9319186,177366870670,1020.500000,42.130000,1020.400000,129.160000,1020.300000,15.250000,1020.200000,137.910000,1020.100000,16.030000,1020.000000,16.950000,1019.900000,3.040000,1019.800000,33.660000,1019.700000,15.570000,1019.600000,11.540000,1020.600000,3.100000,1020.700000,9.310000,1020.800000,5.370000,1020.900000,3.050000,1021.000000,228.240000,1021.100000,48.440000,1021.200000,15.650000,1021.300000,547.610000,1021.400000,0.090000,1021.500000,29.840000
1759175687.2508528,177366874514,1020.500000,42.130000,1020.400000,129.700000,1020.300000,15.250000,1020.200000,137.910000,1020.100000,16.030000,1020.000000,16.950000,1019.900000,3.040000,1019.800000,33.660000,1019.700000,15.570000,1019.600000,11.540000,1020.600000,0.120000,1020.700000,9.310000,1020.800000,5.370000,1020.900000,3.050000,1021.000000,228.240000,1021.100000,48.440000,1021.200000,16.730000,1021.300000,547.610000,1021.400000,0.090000,1021.500000,29.840000
1759175687.5171487,177366878271,1020.500000,42.130000,1020.400000,129.700000,1020.300000,15.250000,1020.200000,137.910000,1020.100000,15.490000,1020.000000,16.950000,1019.900000,3.040000,1019.800000,33.120000,1019.700000,15.570000,1019.600000,11.540000,1020.600000,0.120000,1020.700000,12.130000,1020.800000,4.290000,1020.900000,3.050000,1021.000000,228.240000,1021.100000,48.440000,1021.200000,16.730000,1021.300000,547.610000,1021.400000,0.090000,1021.500000,29.840000
1759175687.8131754,177366884033,1020.600000,37.800000,1020.500000,6.330000,1020.400000,141.400000,1020.300000,15.250000,1020.200000,137.910000,1020.100000,0.790000,1020.000000,16.950000,1019.900000,3.040000,1019.800000,33.120000,1019.700000,15.570000,1020.700000,12.130000,1020.800000,4.290000,1020.900000,3.050000,1021.000000,228.240000,1021.100000,48.440000,1021.200000,16.730000,1021.300000,547.610000,1021.400000,0.090000,1021.500000,29.840000,1021.600000,100.870000
1759175688.0642788,177366887843,1020.600000,38.250000,1020.500000,7.050000,1020.400000,141.490000,1020.300000,15.240000,1020.200000,137.910000,1020.100000,0.790000,1020.000000,16.950000,1019.900000,3.040000,1019.800000,33.120000,1019.700000,15.570000,1020.700000,12.130000,1020.800000,4.290000,1020.900000,3.050000,1021.000000,228.240000,1021.100000,48.440000,1021.200000,16.730000,1021.300000,547.610000,1021.400000,0.090000,1021.500000,29.840000,1021.600000,100.870000
1759175688.313688,177366887858,1020.600000,38.250000,1020.500000,6.960000,1020.400000,141.490000,1020.300000,15.240000,1020.200000,137.910000,1020.100000,0.790000,1020.000000,16.950000,1019.900000,3.040000,1019.800000,33.120000,1019.700000,15.570000,1020.700000,12.130000,1020.800000,4.290000,1020.900000,3.050000,1021.000000,228.240000,1021.100000,48.440000,1021.200000,16.730000,1021.300000,547.610000,1021.400000,0.090000,1021.500000,29.840000,1021.600000,100.870000
1759175688.6164577,177366895705,1020.600000,38.420000,1020.500000,6.960000,1020.400000,143.260000,1020.300000,15.240000,1020.200000,137.910000,1020.100000,0.790000,1020.000000,16.950000,1019.900000,3.040000,1019.800000,33.120000,1019.700000,15.570000,1020.700000,12.130000,1020.800000,6.060000,1020.900000,3.050000,1021.000000,228.240000,1021.100000,48.440000,1021.200000,16.730000,1021.300000,547.610000,1021.400000,0.090000,1021.500000,29.840000,1021.600000,100.870000
1759175688.8922722,177366899767,1020.600000,38.420000,1020.500000,6.960000,1020.400000,143.340000,1020.300000,15.250000,1020.200000,137.910000,1020.100000,0.790000,1020.000000,16.950000,1019.900000,3.060000,1019.800000,33.120000,1019.700000,15.790000,1020.700000,1.090000,1020.800000,6.060000,1020.900000,3.050000,1021.000000,228.240000,1021.100000,48.440000,1021.200000,16.730000,1021.300000,547.610000,1021.400000,0.090000,1021.500000,29.840000,1021.600000,100.870000
1759175689.1621706,177366904738,1020.600000,40.150000,1020.500000,8.040000,1020.400000,143.340000,1020.300000,15.250000,1020.200000,137.910000,1020.100000,0.790000,1020.000000,15.870000,1019.900000,1.980000,1019.800000,33.120000,1019.700000,15.790000,1020.700000,1.470000,1020.800000,6.060000,1020.900000,3.050000,1021.000000,228.240000,1021.100000,48.440000,1021.200000,16.880000,1021.300000,547.610000,1021.400000,0.090000,1021.500000,29.840000,1021.600000,100.870000
1759175689.4368668,177366909416,1020.600000,4.240000,1020.500000,6.340000,1020.400000,143.880000,1020.300000,15.250000,1020.200000,137.910000,1020.100000,0.790000,1020.000000,15.870000,1019.900000,1.980000,1019.800000,33.120000,1019.700000,15.790000,1020.700000,0.390000,1020.800000,6.600000,1020.900000,3.050000,1021.000000,228.240000,1021.100000,48.440000,1021.200000,19.030000,1021.300000,547.610000,1021.400000,0.090000,1021.500000,29.840000,1021.600000,100.870000
1759175689.6988232,177366910247,1020.600000,5.140000,1020.500000,6.340000,1020.400000,143.880000,1020.300000,15.250000,1020.200000,137.910000,1020.100000,0.790000,1020.000000,15.870000,1019.900000,1.980000,1019.800000,33.120000,1019.700000,15.790000,1020.700000,0.390000,1020.800000,6.600000,1020.900000,3.050000,1021.000000,228.240000,1021.100000,48.440000,1021.200000,21.190000,1021.300000,547.610000,1021.400000,0.090000,1021.500000,29.840000,1021.600000,100.870000
1759175689.975097,177366919396,1020.600000,10.900000,1020.500000,6.240000,1020.400000,143.880000,1020.300000,15.250000,1020.200000,134.970000,1020.100000,0.790000,1020.000000,11.950000,1019.900000,0.020000,1019.800000,33.120000,1019.700000,15.790000,1020.700000,59.880000,1020.800000,6.940000,1020.900000,3.050000,1021.000000,228.240000,1021.100000,48.440000,1021.200000,21.190000,1021.300000,547.610000,1021.400000,0.090000,1021.500000,29.840000,1021.600000,100.870000
1759175690.222495,177366923271,1020.600000,5.870000,1020.500000,6.340000,1020.400000,143.680000,1020.300000,15.790000,1020.200000,134.970000,1020.100000,3.730000,1020.000000,11.950000,1019.900000,0.020000,1019.800000,33.120000,1019.700000,15.790000,1020.700000,0.090000,1020.800000,6.940000,1020.900000,3.050000,1021.000000,228.240000,1021.100000,48.440000,1021.200000,21.190000,1021.300000,547.610000,1021.400000,0.090000,1021.500000,29.840000,1021.600000,100.870000
1759175690.4910045,177366927659,1020.600000,5.970000,1020.500000,6.340000,1020.400000,143.680000,1020.300000,15.790000,1020.200000,134.970000,1020.100000,3.730000,1020.000000,11.950000,1019.900000,0.020000,1019.800000,33.120000,1019.700000,15.790000,1020.700000,0.090000,1020.800000,6.940000,1020.900000,3.050000,1021.000000,228.240000,1021.100000,49.520000,1021.200000,21.190000,1021.300000,548.690000,1021.400000,0.090000,1021.500000,29.840000,1021.600000,100.870000
1759175690.8633854,177366934020,1020.600000,5.780000,1020.500000,3.340000,1020.400000,146.680000,1020.300000,15.790000,1020.200000,134.970000,1020.100000,3.730000,1020.000000,15.870000,1019.900000,0.020000,1019.800000,33.120000,1019.700000,15.790000,1020.800000,6.940000,1020.900000,3.050000,1021.000000,228.240000,1021.100000,49.520000,1021.200000,21.190000,1021.300000,548.690000,1021.400000,0.090000,1021.500000,29.840000,1021.600000,100.870000,1021.700000,4.960000
1759175691.1373925,177366937579,1020.600000,5.780000,1020.500000,3.240000,1020.400000,146.680000,1020.300000,15.790000,1020.200000,134.970000,1020.100000,3.730000,1020.000000,15.870000,1019.900000,1.980000,1019.800000,33.120000,1019.700000,15.790000,1020.800000,66.820000,1020.900000,3.050000,1021.000000,228.240000,1021.100000,49.520000,1021.200000,21.190000,1021.300000,548.690000,1021.400000,0.090000,1021.500000,29.840000,1021.600000,100.870000,1021.700000,4.960000
1759175691.5939977,177366944958,1020.600000,5.600000,1020.500000,3.780000,1020.400000,146.680000,1020.300000,15.790000,1020.200000,134.970000,1020.100000,3.730000,1020.000000,15.870000,1019.900000,1.980000,1019.800000,33.120000,1019.700000,15.790000,1020.700000,0.900000,1020.800000,6.490000,1020.900000,2.870000,1021.000000,227.970000,1021.100000,49.520000,1021.200000,21.190000,1021.300000,548.690000,1021.400000,0.090000,1021.500000,29.840000,1021.600000,100.870000
1759175692.144302,177366954510,1020.600000,5.600000,1020.500000,3.780000,1020.400000,146.680000,1020.300000,15.790000,1020.200000,134.970000,1020.100000,3.730000,1020.000000,15.870000,1019.900000,1.980000,1019.800000,33.120000,1019.700000,15.790000,1020.700000,59.880000,1020.800000,6.150000,1020.900000,17.570000,1021.000000,227.970000,1021.100000,49.520000,1021.200000,6.490000,1021.300000,548.690000,1021.400000,0.090000,1021.500000,29.840000,1021.600000,100.870000
1759175692.418609,177366958954,1020.600000,5.800000,1020.500000,3.980000,1020.400000,146.680000,1020.300000,15.790000,1020.200000,134.970000,1020.100000,3.730000,1020.000000,15.870000,1019.900000,1.980000,1019.800000,33.120000,1019.700000,15.790000,1020.700000,0.090000,1020.800000,6.150000,1020.900000,2.870000,1021.000000,227.970000,1021.100000,49.520000,1021.200000,21.190000,1021.300000,548.690000,1021.400000,0.090000,1021.500000,29.840000,1021.600000,100.870000
1759175692.6858218,177366961477,1020.600000,5.800000,1020.500000,3.980000,1020.400000,146.680000,1020.300000,15.790000,1020.200000,134.970000,1020.100000,3.730000,1020.000000,15.870000,1019.900000,1.980000,1019.800000,33.120000,1019.700000,15.790000,1020.700000,0.090000,1020.800000,6.150000,1020.900000,2.870000,1021.000000,227.970000,1021.100000,49.520000,1021.200000,21.190000,1021.300000,548.690000,1021.400000,0.090000,1021.500000,29.840000,1021.600000,100.870000
1759175693.144061,177366970461,1020.600000,5.800000,1020.500000,3.780000,1020.400000,146.700000,1020.300000,15.790000,1020.200000,134.950000,1020.100000,3.730000,1020.000000,15.870000,1019.900000,1.980000,1019.800000,33.120000,1019.700000,15.790000,1020.700000,59.880000,1020.800000,6.510000,1020.900000,17.570000,1021.000000,227.970000,1021.100000,49.520000,1021.200000,6.490000,1021.300000,548.690000,1021.400000,0.090000,1021.500000,29.840000,1021.600000,100.870000
1759175693.4153244,177366974522,1020.700000,1.080000,1020.600000,4.900000,1020.500000,3.780000,1020.400000,146.700000,1020.300000,15.780000,1020.200000,134.960000,1020.100000,3.730000,1020.000000,15.870000,1019.900000,1.980000,1019.800000,33.120000,1020.800000,4.410000,1020.900000,5.870000,1021.000000,227.970000,1021.100000,49.520000,1021.200000,21.190000,1021.300000,548.690000,1021.400000,0.090000,1021.500000,29.840000,1021.600000,100.870000,1021.700000,4.960000
1759175693.6766865,177366976124,1020.700000,3.900000,1020.600000,2.080000,1020.500000,3.780000,1020.400000,146.700000,1020.300000,15.780000,1020.200000,134.960000,1020.100000,3.730000,1020.000000,15.870000,1019.900000,1.980000,1019.800000,33.120000,1020.800000,64.290000,1020.900000,5.870000,1021.000000,227.970000,1021.100000,49.520000,1021.200000,21.190000,1021.300000,548.690000,1021.400000,0.090000,1021.500000,29.840000,1021.600000,100.870000,1021.700000,4.960000
1759175694.129406,177366983297,1020.700000,3.900000,1020.600000,2.080000,1020.500000,3.780000,1020.400000,146.700000,1020.300000,15.780000,1020.200000,134.960000,1020.100000,3.730000,1020.000000,15.870000,1019.900000,1.980000,1019.800000,33.120000,1020.800000,64.290000,1020.900000,5.870000,1021.000000,227.970000,1021.100000,49.520000,1021.200000,21.190000,1021.300000,548.690000,1021.400000,0.090000,1021.500000,29.840000,1021.600000,100.870000,1021.700000,4.960000
1759175694.5390334,177366991289,1020.700000,3.380000,1020.600000,1.360000,1020.500000,22.680000,1020.400000,112.600000,1020.300000,15.780000,1020.200000,134.960000,1020.100000,18.430000,1020.000000,15.870000,1019.900000,1.980000,1019.800000,33.120000,1020.800000,457.470000,1020.900000,9.870000,1021.000000,32.070000,1021.100000,49.520000,1021.200000,21.190000,1021.300000,548.690000,1021.400000,0.090000,1021.500000,29.840000,1021.600000,100.870000,1021.700000,4.960000
1759175694.8065383,177366994887,1020.600000,0.910000,1020.500000,3.200000,1020.400000,3.240000,1020.300000,18.780000,1020.200000,55.670000,1020.100000,15.490000,1020.000000,121.490000,1019.900000,0.020000,1019.800000,131.920000,1019.700000,15.790000,1020.700000,248.150000,1020.800000,212.840000,1020.900000,128.170000,1021.000000,32.070000,1021.100000,148.320000,1021.200000,6.490000,1021.300000,442.130000,1021.400000,0.090000,1021.500000,29.840000,1021.600000,2.120000
1759175695.0685737,177366999056,1020.600000,3.730000,1020.500000,4.970000,1020.400000,1.570000,1020.300000,18.780000,1020.200000,55.670000,1020.100000,15.490000,1020.000000,121.490000,1019.900000,0.020000,1019.800000,131.920000,1019.700000,15.790000,1020.700000,248.150000,1020.800000,211.070000,1020.900000,128.170000,1021.000000,32.070000,1021.100000,148.320000,1021.200000,6.490000,1021.300000,442.130000,1021.400000,0.090000,1021.500000,32.780000,1021.600000,2.120000
1759175695.3566964,177367003455,1020.600000,3.730000,1020.500000,10.730000,1020.400000,1.570000,1020.300000,18.780000,1020.200000,55.670000,1020.100000,15.490000,1020.000000,121.490000,1019.900000,3.940000,1019.800000,131.920000,1019.700000,15.790000,1020.700000,248.150000,1020.800000,211.070000,1020.900000,129.940000,1021.000000,32.070000,1021.100000,148.320000,1021.200000,6.490000,1021.300000,442.130000,1021.400000,0.090000,1021.500000,32.780000,1021.600000,2.120000
1759175695.6093016,177367007452,1020.600000,3.950000,1020.500000,6.230000,1020.400000,2.110000,1020.300000,19.140000,1020.200000,55.670000,1020.100000,15.490000,1020.000000,121.490000,1019.900000,3.940000,1019.800000,131.920000,1019.700000,17.750000,1020.700000,250.490000,1020.800000,209.180000,1020.900000,129.490000,1021.000000,32.070000,1021.100000,148.320000,1021.200000,6.490000,1021.300000,442.130000,1021.400000,0.090000,1021.500000,32.780000,1021.600000,2.120000
1759175695.9451978,177367009443,1020.600000,3.950000,1020.500000,6.230000,1020.400000,2.110000,1020.300000,19.140000,1020.200000,55.670000,1020.100000,15.490000,1020.000000,121.490000,1019.900000,3.940000,1019.800000,131.920000,1019.700000,17.750000,1020.700000,250.490000,1020.800000,209.180000,1020.900000,129.490000,1021.000000,32.070000,1021.100000,148.320000,1021.200000,6.490000,1021.300000,442.130000,1021.400000,0.090000,1021.500000,32.780000,1021.600000,2.120000
1759175696.1982648,177367016392,1020.600000,3.950000,1020.500000,6.230000,1020.400000,2.110000,1020.300000,19.140000,1020.200000,55.670000,1020.100000,15.490000,1020.000000,121.390000,1019.900000,3.940000,1019.800000,131.920000,1019.700000,17.750000,1020.700000,250.400000,1020.800000,209.180000,1020.900000,129.490000,1021.000000,32.070000,1021.100000,148.320000,1021.200000,6.490000,1021.300000,442.130000,1021.400000,0.090000,1021.500000,32.780000,1021.600000,2.120000
1759175696.5182524,177367018671,1020.600000,3.950000,1020.500000,6.230000,1020.400000,2.110000,1020.300000,19.140000,1020.200000,55.670000,1020.100000,15.490000,1020.000000,121.390000,1019.900000,3.940000,1019.800000,131.920000,1019.700000,17.750000,1020.700000,250.400000,1020.800000,209.180000,1020.900000,129.490000,1021.000000,32.070000,1021.100000,148.320000,1021.200000,6.490000,1021.300000,442.130000,1021.400000,0.090000,1021.500000,32.780000,1021.600000,2.120000
1759175696.7902324,177367027062,1020.600000,4.040000,1020.500000,6.500000,1020.400000,2.200000,1020.300000,19.140000,1020.200000,55.660000,1020.100000,15.500000,1020.000000,121.390000,1019.900000,3.940000,1019.800000,131.920000,1019.700000,17.750000,1020.700000,250.850000,1020.800000,208.820000,1020.900000,129.400000,1021.000000,32.070000,1021.100000,148.320000,1021.200000,6.490000,1021.300000,442.130000,1021.400000,0.090000,1021.500000,32.780000,1021.600000,2.120000
1759175697.344852,177367032479,1020.600000,4.040000,1020.500000,6.500000,1020.400000,2.200000,1020.300000,19.140000,1020.200000,55.660000,1020.100000,15.500000,1020.000000,121.390000,1019.900000,3.940000,1019.800000,131.920000,1019.700000,17.750000,1020.700000,250.850000,1020.800000,208.820000,1020.900000,129.400000,1021.000000,32.070000,1021.100000,148.320000,1021.200000,6.490000,1021.300000,442.130000,1021.400000,0.090000,1021.500000,32.780000,1021.600000,2.120000
1759175698.175807,177367045276,1020.600000,4.040000,1020.500000,6.500000,1020.400000,2.200000,1020.300000,19.140000,1020.200000,55.660000,1020.100000,15.500000,1020.000000,121.390000,1019.900000,3.940000,1019.800000,131.920000,1019.700000,17.750000,1020.700000,250.850000,1020.800000,208.820000,1020.900000,129.400000,1021.000000,32.070000,1021.100000,148.320000,1021.200000,6.490000,1021.300000,442.130000,1021.400000,0.090000,1021.500000,32.780000,1021.600000,2.120000
1759175698.586866,177367054809,1020.600000,3.770000,1020.500000,6.590000,1020.400000,2.110000,1020.300000,19.140000,1020.200000,55.660000,1020.100000,15.500000,1020.000000,121.390000,1019.900000,3.940000,1019.800000,131.920000,1019.700000,17.750000,1020.700000,250.850000,1020.800000,208.820000,1020.900000,129.400000,1021.000000,32.070000,1021.100000,148.320000,1021.200000,6.490000,1021.300000,442.130000,1021.400000,0.090000,1021.500000,32.780000,1021.600000,2.120000
1759175698.9581668,177367057552,1020.600000,3.770000,1020.500000,6.590000,1020.400000,2.110000,1020.300000,19.140000,1020.200000,55.660000,1020.100000,15.500000,1020.000000,121.390000,1019.900000,3.940000,1019.800000,131.920000,1019.700000,17.750000,1020.700000,250.580000,1020.800000,208.820000,1020.900000,129.400000,1021.000000,32.070000,1021.100000,148.320000,1021.200000,6.490000,1021.300000,442.130000,1021.400000,0.090000,1021.500000,32.780000,1021.600000,2.120000
1759175699.3262508,177367065913,1020.600000,3.770000,1020.500000,5.960000,1020.400000,1.840000,1020.300000,4.440000,1020.200000,55.660000,1020.100000,15.500000,1020.000000,136.090000,1019.900000,3.940000,1019.800000,131.920000,1019.700000,17.750000,1020.700000,260.370000,1020.800000,208.820000,1020.900000,129.400000,1021.000000,32.070000,1021.100000,148.320000,1021.200000,6.490000,1021.300000,442.130000,1021.400000,0.090000,1021.500000,32.780000,1021.600000,2.120000
1759175699.594915,177367071554,1020.600000,0.950000,1020.500000,6.140000,1020.400000,2.380000,1020.300000,4.710000,1020.200000,55.660000,1020.100000,15.500000,1020.000000,136.090000,1019.900000,3.940000,1019.800000,131.920000,1019.700000,17.750000,1020.700000,260.370000,1020.800000,208.820000,1020.900000,129.400000,1021.000000,32.070000,1021.100000,148.320000,1021.200000,6.490000,1021.300000,442.130000,1021.400000,0.090000,1021.500000,32.780000,1021.600000,2.120000
1759175700.3806462,177367084163,1020.600000,0.950000,1020.500000,5.240000,1020.400000,1.810000,1020.300000,1.450000,1020.200000,38.180000,1020.100000,15.500000,1020.000000,26.550000,1019.900000,0.020000,1019.800000,33.120000,1019.700000,15.790000,1020.700000,260.370000,1020.800000,12.890000,1020.900000,125.400000,1021.000000,32.070000,1021.100000,148.320000,1021.200000,6.490000,1021.300000,442.130000,1021.400000,3.030000,1021.500000,29.840000,1021.600000,2.120000
1759175700.6136029,177367090876,1020.500000,3.460000,1020.400000,1.270000,1020.300000,6.880000,1020.200000,1.890000,1020.100000,38.000000,1020.000000,26.560000,1019.900000,14.720000,1019.800000,139.730000,1019.700000,20.890000,1019.600000,110.350000,1020.700000,394.570000,1020.800000,24.400000,1020.900000,125.400000,1021.000000,32.070000,1021.100000,128.520000,1021.200000,6.490000,1021.300000,442.130000,1021.400000,0.090000,1021.500000,29.840000,1021.600000,2.000000
1759175700.8129113,177367096549,1020.500000,3.690000,1020.400000,1.270000,1020.300000,1.310000,1020.200000,1.980000,1020.100000,3.890000,1020.000000,26.560000,1019.900000,34.270000,1019.800000,157.370000,1019.700000,20.890000,1019.600000,110.350000,1020.600000,1.180000,1020.700000,148.300000,1020.800000,36.100000,1020.900000,117.630000,1021.000000,32.070000,1021.100000,15.060000,1021.200000,6.490000,1021.300000,441.170000,1021.400000,0.090000,1021.500000,29.840000
1759175701.0667639,177367101075,1020.400000,1.270000,1020.300000,1.110000,1020.200000,1.680000,1020.100000,4.730000,1020.000000,27.090000,1019.900000,34.280000,1019.800000,157.370000,1019.700000,24.810000,1019.600000,110.350000,1019.500000,1.580000,1020.600000,200.130000,1020.700000,134.530000,1020.800000,27.390000,1020.900000,117.630000,1021.000000,32.070000,1021.100000,15.060000,1021.200000,3.260000,1021.300000,441.170000,1021.400000,0.090000,1021.500000,29.840000
1759175701.3324132,177367107408,1020.400000,1.270000,1020.300000,2.720000,1020.200000,7.540000,1020.100000,4.630000,1020.000000,27.630000,1019.900000,34.820000,1019.800000,157.370000,1019.700000,24.810000,1019.600000,110.350000,1019.500000,3.540000,1020.500000,255.010000,1020.600000,199.350000,1020.700000,150.310000,1020.800000,29.010000,1020.900000,115.860000,1021.000000,17.370000,1021.100000,15.060000,1021.200000,17.960000,1021.300000,444.110000,1021.400000,0.090000
1759175701.5992973,177367114130,1020.400000,1.270000,1020.300000,2.830000,1020.200000,2.290000,1020.100000,2.190000,1020.000000,19.210000,1019.900000,34.810000,1019.800000,154.440000,1019.700000,20.890000,1019.600000,110.350000,1019.500000,1.580000,1020.500000,271.820000,1020.600000,199.230000,1020.700000,150.120000,1020.800000,29.010000,1020.900000,115.860000,1021.000000,17.370000,1021.100000,15.060000,1021.200000,20.900000,1021.300000,441.170000,1021.400000,0.090000
1759175701.930668,177367120698,1020.300000,1.190000,1020.200000,8.050000,1020.100000,3.190000,1020.000000,18.210000,1019.900000,34.810000,1019.800000,154.440000,1019.700000,23.830000,1019.600000,110.350000,1019.500000,1.580000,1019.400000,16.370000,1020.500000,27.660000,1020.600000,196.230000,1020.700000,150.210000,1020.800000,27.390000,1020.900000,115.860000,1021.000000,17.370000,1021.100000,15.060000,1021.200000,20.900000,1021.300000,441.170000,1021.400000,0.090000
1759175702.180501,177367126194,1020.400000,0.020000,1020.300000,3.960000,1020.200000,2.390000,1020.100000,4.190000,1020.000000,17.210000,1019.900000,34.810000,1019.800000,154.440000,1019.700000,23.830000,1019.600000,110.350000,1019.500000,5.500000,1020.500000,24.240000,1020.600000,199.230000,1020.700000,150.230000,1020.800000,27.390000,1020.900000,115.860000,1021.000000,17.370000,1021.100000,15.060000,1021.200000,19.820000,1021.300000,441.170000,1021.400000,4.010000
1759175702.4492235,177367131329,1020.300000,2.210000,1020.200000,2.290000,1020.100000,5.190000,1020.000000,16.210000,1019.900000,35.890000,1019.800000,154.440000,1019.700000,23.830000,1019.600000,110.350000,1019.500000,5.500000,1019.400000,16.370000,1020.500000,95.650000,1020.600000,197.310000,1020.700000,150.230000,1020.800000,27.390000,1020.900000,115.860000,1021.000000,16.300000,1021.100000,13.980000,1021.200000,18.740000,1021.300000,441.170000,1021.400000,4.010000
1759175702.7159538,177367134946,1020.300000,2.530000,1020.200000,2.660000,1020.100000,5.280000,1020.000000,16.210000,1019.900000,35.890000,1019.800000,155.520000,1019.700000,23.830000,1019.600000,110.350000,1019.500000,5.500000,1019.400000,18.330000,1020.400000,87.510000,1020.500000,28.390000,1020.600000,212.930000,1020.700000,151.040000,1020.800000,27.590000,1020.900000,101.160000,1021.000000,16.300000,1021.100000,13.980000,1021.200000,18.740000,1021.300000,441.170000
1759175702.9882789,177367140263,1020.300000,2.530000,1020.200000,2.660000,1020.100000,5.280000,1020.000000,16.210000,1019.900000,35.890000,1019.800000,155.520000,1019.700000,23.830000,1019.600000,110.350000,1019.500000,5.500000,1019.400000,18.330000,1020.400000,89.540000,1020.500000,27.710000,1020.600000,212.930000,1020.700000,151.040000,1020.800000,27.590000,1020.900000,101.160000,1021.000000,16.300000,1021.100000,13.980000,1021.200000,18.740000,1021.300000,441.170000
1759175703.3176775,177367146433,1020.300000,2.440000,1020.200000,2.360000,1020.100000,2.000000,1020.000000,17.850000,1019.900000,35.890000,1019.800000,155.520000,1019.700000,23.830000,1019.600000,110.350000,1019.500000,5.500000,1019.400000,18.330000,1020.400000,180.780000,1020.500000,27.710000,1020.600000,212.930000,1020.700000,151.040000,1020.800000,27.590000,1020.900000,101.160000,1021.000000,16.300000,1021.100000,13.980000,1021.200000,18.740000,1021.300000,441.170000
1759175703.585917,177367151684,1020.300000,2.440000,1020.200000,1.680000,1020.100000,1.370000,1020.000000,2.370000,1019.900000,19.340000,1019.800000,65.490000,1019.700000,35.590000,1019.600000,118.180000,1019.500000,1.580000,1019.400000,115.210000,1020.400000,249.370000,1020.500000,133.270000,1020.600000,16.880000,1020.700000,139.260000,1020.800000,27.590000,1020.900000,2.330000,1021.000000,16.420000,1021.100000,16.920000,1021.200000,15.800000,1021.300000,441.050000
1759175703.8291585,177367154610,1020.200000,1.680000,1020.100000,1.910000,1020.000000,2.820000,1019.900000,19.610000,1019.800000,65.490000,1019.700000,35.600000,1019.600000,121.120000,1019.500000,1.580000,1019.400000,115.210000,1019.300000,0.110000,1020.400000,201.000000,1020.500000,119.220000,1020.600000,16.880000,1020.700000,139.260000,1020.800000,27.590000,1020.900000,2.330000,1021.000000,16.420000,1021.100000,16.920000,1021.200000,15.800000,1021.300000,1.050000
1759175704.0794928,177367157789,1020.200000,4.120000,1020.100000,1.910000,1020.000000,2.820000,1019.900000,19.610000,1019.800000,65.490000,1019.700000,35.600000,1019.600000,121.120000,1019.500000,1.580000,1019.400000,119.130000,1019.300000,0.110000,1020.300000,256.860000,1020.400000,203.450000,1020.500000,133.920000,1020.600000,16.880000,1020.700000,139.260000,1020.800000,12.890000,1020.900000,2.330000,1021.000000,16.420000,1021.100000,16.920000,1021.200000,15.800000
1759175704.349644,177367166224,1020.200000,4.120000,1020.100000,1.910000,1020.000000,2.820000,1019.900000,19.610000,1019.800000,65.490000,1019.700000,35.600000,1019.600000,121.120000,1019.500000,1.580000,1019.400000,119.130000,1019.300000,2.070000,1020.300000,257.540000,1020.400000,201.870000,1020.500000,133.920000,1020.600000,16.880000,1020.700000,139.260000,1020.800000,12.890000,1020.900000,2.330000,1021.000000,16.420000,1021.100000,16.920000,1021.200000,15.800000
1759175704.8079433,177367174317,1020.200000,4.120000,1020.100000,2.270000,1020.000000,17.610000,1019.900000,19.610000,1019.800000,65.490000,1019.700000,20.900000,1019.600000,121.120000,1019.500000,1.580000,1019.400000,119.130000,1019.300000,2.070000,1020.300000,258.340000,1020.400000,201.420000,1020.500000,133.920000,1020.600000,16.880000,1020.700000,139.260000,1020.800000,12.890000,1020.900000,2.330000,1021.000000,16.420000,1021.100000,16.920000,1021.200000,15.800000
1759175705.0642874,177367178483,1020.200000,5.620000,1020.100000,2.370000,1020.000000,17.610000,1019.900000,19.610000,1019.800000,65.490000,1019.700000,20.900000,1019.600000,121.120000,1019.500000,1.580000,1019.400000,119.130000,1019.300000,2.070000,1020.300000,258.700000,1020.400000,201.420000,1020.500000,133.920000,1020.600000,16.880000,1020.700000,139.260000,1020.800000,12.890000,1020.900000,2.330000,1021.000000,16.420000,1021.100000,16.920000,1021.200000,15.800000
1759175705.7139778,177367189671,1020.200000,5.620000,1020.100000,2.820000,1020.000000,17.610000,1019.900000,19.790000,1019.800000,65.490000,1019.700000,20.900000,1019.600000,121.120000,1019.500000,1.580000,1019.400000,119.130000,1019.300000,2.070000,1020.300000,261.040000,1020.400000,199.080000,1020.500000,133.920000,1020.600000,16.880000,1020.700000,139.260000,1020.800000,12.890000,1020.900000,2.330000,1021.000000,16.420000,1021.100000,16.920000,1021.200000,15.800000
1759175706.59087,177367203421,1020.200000,5.620000,1020.100000,2.820000,1020.000000,17.610000,1019.900000,19.790000,1019.800000,65.490000,1019.700000,20.900000,1019.600000,121.120000,1019.500000,1.580000,1019.400000,119.130000,1019.300000,5.070000,1020.300000,261.050000,1020.400000,199.080000,1020.500000,133.920000,1020.600000,16.880000,1020.700000,139.260000,1020.800000,12.890000,1020.900000,2.330000,1021.000000,16.420000,1021.100000,16.920000,1021.200000,15.800000
1759175706.8842704,177367205237,1020.200000,5.620000,1020.100000,2.820000,1020.000000,17.610000,1019.900000,19.790000,1019.800000,65.490000,1019.700000,20.900000,1019.600000,121.120000,1019.500000,1.580000,1019.400000,119.130000,1019.300000,5.070000,1020.300000,261.050000,1020.400000,199.080000,1020.500000,133.920000,1020.600000,16.880000,1020.700000,139.260000,1020.800000,12.890000,1020.900000,2.330000,1021.000000,56.420000,1021.100000,416.920000,1021.200000,15.800000
1759175707.145,177367212937,1020.200000,5.620000,1020.100000,2.820000,1020.000000,17.610000,1019.900000,19.790000,1019.800000,65.490000,1019.700000,20.900000,1019.600000,121.120000,1019.500000,1.580000,1019.400000,119.130000,1019.300000,5.070000,1020.300000,259.990000,1020.400000,199.080000,1020.500000,133.920000,1020.600000,16.880000,1020.700000,139.260000,1020.800000,12.890000,1020.900000,2.330000,1021.000000,56.420000,1021.100000,416.920000,1021.200000,15.800000
1759175707.403101,177367213121,1020.200000,5.620000,1020.100000,2.820000,1020.000000,17.610000,1019.900000,19.790000,1019.800000,65.490000,1019.700000,20.900000,1019.600000,121.120000,1019.500000,1.580000,1019.400000,119.130000,1019.300000,5.070000,1020.300000,261.090000,1020.400000,199.080000,1020.500000,133.920000,1020.600000,16.880000,1020.700000,139.260000,1020.800000,12.890000,1020.900000,2.330000,1021.000000,56.420000,1021.100000,416.920000,1021.200000,15.800000
