unix_timestamp,bid,ask,mid
1759175617.4733715,1019.8,1019.9,1019.850000
1759175621.9430172,1019.8,1019.9,1019.850000
1759175622.2765613,1019.8,1019.9,1019.850000
1759175622.4630635,1019.8,1019.9,1019.850000
1759175622.8485625,1019.8,1019.9,1019.850000
1759175623.1140597,1019.8,1020.0,1019.900000
1759175623.7155178,1019.8,1020.0,1019.900000
1759175624.5074093,1019.9,1020.0,1019.950000
1759175624.771302,1019.9,1020.0,1019.950000
1759175625.1592057,1019.9,1020.1,1020.000000
1759175625.42297,1020.0,1020.1,1020.050000
1759175625.7969406,1020.0,1020.1,1020.050000
1759175625.993913,1019.9,1020.1,1020.000000
1759175626.5163999,1020.0,1020.1,1020.050000
1759175626.779671,1020.0,1020.1,1020.050000
1759175627.0689826,1020.0,1020.1,1020.050000
1759175627.322484,1020.0,1020.1,1020.050000
1759175627.7166128,1020.0,1020.1,1020.050000
1759175628.0959737,1020.0,1020.1,1020.050000
1759175628.355307,1020.0,1020.1,1020.050000
1759175628.7424955,1020.0,1020.1,1020.050000
1759175629.5274565,1020.0,1020.1,1020.050000
1759175630.0489187,1020.0,1020.1,1020.050000
1759175631.4879463,1020.0,1020.1,1020.050000
1759175631.7379649,1020.0,1020.1,1020.050000
1759175632.1004727,1020.0,1020.1,1020.050000
1759175632.4407527,1020.0,1020.1,1020.050000
1759175632.8350427,1020.0,1020.1,1020.050000
1759175633.1169403,1020.0,1020.1,1020.050000
1759175633.388461,1020.0,1020.1,1020.050000
1759175633.6978636,1020.0,1020.1,1020.050000
1759175634.2399418,1020.0,1020.1,1020.050000
1759175634.8740146,1020.0,1020.1,1020.050000
1759175635.1547844,1020.0,1020.1,1020.050000
1759175635.4057748,1020.0,1020.1,1020.050000
1759175635.6780906,1020.0,1020.1,1020.050000
1759175636.0803537,1020.0,1020.1,1020.050000
1759175636.8694615,1020.1,1020.2,1020.150000
1759175637.13436,1020.1,1020.2,1020.150000
1759175637.807283,1020.1,1020.2,1020.150000
1759175638.1741872,1020.1,1020.2,1020.150000
1759175638.418591,1020.1,1020.2,1020.150000
1759175638.808922,1020.1,1020.2,1020.150000
1759175639.177137,1020.1,1020.2,1020.150000
1759175639.4372706,1020.1,1020.2,1020.150000
1759175639.9603133,1020.1,1020.2,1020.150000
1759175640.2858696,1020.1,1020.2,1020.150000
1759175640.489548,1020.1,1020.2,1020.150000
1759175640.9568124,1020.1,1020.2,1020.150000
1759175641.528352,1020.1,1020.2,1020.150000
1759175642.003554,1020.1,1020.2,1020.150000
1759175642.7467873,1020.1,1020.2,1020.150000
1759175643.0430768,1020.1,1020.3,1020.200000
1759175643.2957098,1020.1,1020.3,1020.200000
1759175643.8386717,1020.1,1020.2,1020.150000
1759175644.268083,1020.1,1020.2,1020.150000
1759175644.6889033,1020.1,1020.2,1020.150000
1759175645.0951865,1020.1,1020.2,1020.150000
1759175645.3385308,1020.1,1020.2,1020.150000
1759175645.737786,1020.1,1020.2,1020.150000
1759175646.0369549,1020.1,1020.2,1020.150000
1759175646.8153894,1020.1,1020.3,1020.200000
1759175647.0779746,1020.2,1020.3,1020.250000
1759175647.3407714,1020.2,1020.3,1020.250000
1759175647.7966516,1020.2,1020.3,1020.250000
1759175650.5248456,1020.2,1020.3,1020.250000
1759175650.9279997,1020.2,1020.3,1020.250000
1759175651.1835089,1020.2,1020.3,1020.250000
1759175651.5114584,1020.2,1020.3,1020.250000
1759175651.772189,1020.2,1020.3,1020.250000
1759175652.030412,1020.2,1020.4,1020.300000
1759175652.303566,1020.2,1020.4,1020.300000
1759175652.6529455,1020.3,1020.4,1020.350000
1759175653.1364045,1020.3,1020.4,1020.350000
1759175653.4017482,1020.3,1020.4,1020.350000
1759175653.7787278,1020.3,1020.4,1020.350000
1759175654.1210978,1020.3,1020.4,1020.350000
1759175655.166145,1020.3,1020.4,1020.350000
1759175655.4416087,1020.3,1020.4,1020.350000
1759175656.1710281,1020.3,1020.4,1020.350000
1759175656.635491,1020.3,1020.4,1020.350000
1759175657.0602221,1020.3,1020.4,1020.350000
1759175657.422659,1020.3,1020.4,1020.350000
1759175657.9285743,1020.3,1020.4,1020.350000
1759175659.9845228,1020.3,1020.4,1020.350000
1759175661.4714763,1020.3,1020.5,1020.400000
1759175661.848609,1020.3,1020.4,1020.350000
1759175662.307391,1020.3,1020.4,1020.350000
1759175662.6101773,1020.4,1020.5,1020.450000
1759175662.875257,1020.4,1020.5,1020.450000
1759175663.1493719,1020.4,1020.5,1020.450000
1759175663.3999457,1020.4,1020.5,1020.450000
1759175663.8160896,1020.4,1020.5,1020.450000
1759175664.072416,1020.4,1020.5,1020.450000
1759175664.3499908,1020.4,1020.5,1020.450000
1759175664.6993966,1020.4,1020.5,1020.450000
1759175665.259087,1020.4,1020.5,1020.450000
1759175665.9070914,1020.4,1020.5,1020.450000
1759175666.4334364,1020.4,1020.5,1020.450000
1759175666.7873695,1020.4,1020.5,1020.450000
1759175667.2332978,1020.4,1020.5,1020.450000
1759175667.5790606,1020.4,1020.5,1020.450000
1759175667.9009838,1020.4,1020.5,1020.450000
1759175668.4338105,1020.4,1020.5,1020.450000
1759175668.6877277,1020.4,1020.5,1020.450000
1759175669.1269994,1020.4,1020.5,1020.450000
1759175669.4100368,1020.4,1020.5,1020.450000
1759175669.6778839,1020.4,1020.5,1020.450000
1759175669.9655495,1020.4,1020.5,1020.450000
1759175670.3290837,1020.4,1020.5,1020.450000
1759175670.617065,1020.4,1020.5,1020.450000
1759175671.0102386,1020.4,1020.5,1020.450000
1759175672.020504,1020.4,1020.5,1020.450000
1759175672.6058285,1020.4,1020.5,1020.450000
1759175673.1519434,1020.4,1020.5,1020.450000
1759175673.4126277,1020.4,1020.5,1020.450000
1759175674.2345815,1020.4,1020.5,1020.450000
1759175675.1225889,1020.4,1020.5,1020.450000
1759175675.2986088,1020.4,1020.5,1020.450000
1759175675.9029233,1020.4,1020.5,1020.450000
1759175676.381144,1020.4,1020.5,1020.450000
1759175676.7699316,1020.4,1020.5,1020.450000
1759175677.0521386,1020.4,1020.5,1020.450000
1759175677.3202186,1020.4,1020.5,1020.450000
1759175677.6731212,1020.4,1020.5,1020.450000
1759175678.4368474,1020.4,1020.5,1020.450000
1759175679.0567532,1020.4,1020.5,1020.450000
1759175679.321232,1020.4,1020.5,1020.450000
1759175679.5645742,1020.4,1020.5,1020.450000
1759175679.8760705,1020.4,1020.5,1020.450000
1759175680.1252959,1020.4,1020.5,1020.450000
1759175680.384722,1020.4,1020.5,1020.450000
1759175680.7170372,1020.4,1020.5,1020.450000
1759175680.969284,1020.4,1020.5,1020.450000
1759175681.2676394,1020.4,1020.5,1020.450000
1759175681.5326383,1020.4,1020.6,1020.500000
1759175681.8068802,1020.5,1020.6,1020.550000
1759175682.070659,1020.5,1020.6,1020.550000
1759175682.4173174,1020.5,1020.6,1020.550000
1759175682.6931865,1020.5,1020.6,1020.550000
1759175682.943028,1020.5,1020.6,1020.550000
1759175683.3766959,1020.5,1020.6,1020.550000
1759175684.2600768,1020.5,1020.6,1020.550000
1759175684.6122196,1020.5,1020.6,1020.550000
1759175685.093205,1020.5,1020.6,1020.550000
1759175685.3482208,1020.5,1020.6,1020.550000
1759175685.812476,1020.5,1020.6,1020.550000
1759175686.2152572,1020.5,1020.6,1020.550000
1759175686.9319186,1020.5,1020.6,1020.550000
1759175687.2508528,1020.5,1020.6,1020.550000
1759175687.5171487,1020.5,1020.6,1020.550000
1759175687.8131754,1020.6,1020.7,1020.650000
1759175688.0642788,1020.6,1020.7,1020.650000
1759175688.313688,1020.6,1020.7,1020.650000
1759175688.6164577,1020.6,1020.7,1020.650000
1759175688.8922722,1020.6,1020.7,1020.650000
1759175689.1621706,1020.6,1020.7,1020.650000
1759175689.4368668,1020.6,1020.7,1020.650000
1759175689.6988232,1020.6,1020.7,1020.650000
1759175689.975097,1020.6,1020.7,1020.650000
1759175690.222495,1020.6,1020.7,1020.650000
1759175690.4910045,1020.6,1020.7,1020.650000
1759175690.8633854,1020.6,1020.8,1020.700000
1759175691.1373925,1020.6,1020.8,1020.700000
1759175691.5939977,1020.6,1020.7,1020.650000
1759175692.144302,1020.6,1020.7,1020.650000
1759175692.418609,1020.6,1020.7,1020.650000
1759175692.6858218,1020.6,1020.7,1020.650000
1759175693.144061,1020.6,1020.7,1020.650000
1759175693.4153244,1020.7,1020.8,1020.750000
1759175693.6766865,1020.7,1020.8,1020.750000
1759175694.129406,1020.7,1020.8,1020.750000
1759175694.5390334,1020.7,1020.8,1020.750000
1759175694.8065383,1020.6,1020.7,1020.650000
1759175695.0685737,1020.6,1020.7,1020.650000
1759175695.3566964,1020.6,1020.7,1020.650000
1759175695.6093016,1020.6,1020.7,1020.650000
1759175695.9451978,1020.6,1020.7,1020.650000
1759175696.1982648,1020.6,1020.7,1020.650000
1759175696.5182524,1020.6,1020.7,1020.650000
1759175696.7902324,1020.6,1020.7,1020.650000
1759175697.344852,1020.6,1020.7,1020.650000
1759175698.175807,1020.6,1020.7,1020.650000
1759175698.586866,1020.6,1020.7,1020.650000
1759175698.9581668,1020.6,1020.7,1020.650000
1759175699.3262508,1020.6,1020.7,1020.650000
1759175699.594915,1020.6,1020.7,1020.650000
1759175700.3806462,1020.6,1020.7,1020.650000
1759175700.6136029,1020.5,1020.7,1020.600000
1759175700.8129113,1020.5,1020.6,1020.550000
1759175701.0667639,1020.4,1020.6,1020.500000
1759175701.3324132,1020.4,1020.5,1020.450000
1759175701.5992973,1020.4,1020.5,1020.450000
1759175701.930668,1020.3,1020.5,1020.400000
1759175702.180501,1020.4,1020.5,1020.450000
1759175702.4492235,1020.3,1020.5,1020.400000
1759175702.7159538,1020.3,1020.4,1020.350000
1759175702.9882789,1020.3,1020.4,1020.350000
1759175703.3176775,1020.3,1020.4,1020.350000
1759175703.585917,1020.3,1020.4,1020.350000
1759175703.8291585,1020.2,1020.4,1020.300000
1759175704.0794928,1020.2,1020.3,1020.250000
1759175704.349644,1020.2,1020.3,1020.250000
1759175704.8079433,1020.2,1020.3,1020.250000
1759175705.0642874,1020.2,1020.3,1020.250000
1759175705.7139778,1020.2,1020.3,1020.250000
1759175706.59087,1020.2,1020.3,1020.250000
1759175706.8842704,1020.2,1020.3,1020.250000
1759175707.145,1020.2,1020.3,1020.250000
1759175707.403101,1020.2,1020.3,1020.250000
1759175707.7391567,1020.2,1020.3,1020.250000
1759175708.9094746,1020.2,1020.3,1020.250000
1759175709.1788921,1020.2,1020.3,1020.250000
1759175710.113275,1020.2,1020.3,1020.250000
1759175711.0605178,1020.2,1020.3,1020.250000
1759175712.7033284,1020.2,1020.3,1020.250000
1759175713.120146,1020.2,1020.3,1020.250000
1759175713.3998692,1020.2,1020.3,1020.250000
1759175713.675542,1020.2,1020.3,1020.250000
1759175713.9749353,1020.2,1020.3,1020.250000
1759175714.403429,1020.2,1020.3,1020.250000
1759175714.6631005,1020.2,1020.3,1020.250000
1759175715.3217437,1020.2,1020.3,1020.250000
1759175715.5718708,1020.2,1020.3,1020.250000
1759175716.5389879,1020.2,1020.3,1020.250000
1759175719.9081008,1020.2,1020.3,1020.250000
1759175720.888171,1020.2,1020.3,1020.250000
1759175722.1295633,1020.2,1020.3,1020.250000
1759175722.658435,1020.2,1020.3,1020.250000
1759175722.9258618,1020.2,1020.3,1020.250000
1759175723.1750135,1020.0,1020.1,1020.050000
1759175723.4304514,1020.0,1020.1,1020.050000
1759175723.6920354,1020.0,1020.1,1020.050000
1759175724.25826,1020.0,1020.1,1020.050000
1759175725.0538204,1020.0,1020.1,1020.050000
1759175725.3016832,1020.0,1020.1,1020.050000
1759175725.6234853,1020.0,1020.1,1020.050000
1759175725.895642,1020.0,1020.1,1020.050000
1759175726.2298958,1020.0,1020.1,1020.050000
1759175726.7848995,1020.0,1020.1,1020.050000
1759175727.0575871,1020.0,1020.1,1020.050000
1759175727.4416268,1020.0,1020.1,1020.050000
1759175728.1106892,1019.8,1020.1,1019.950000
1759175728.3646162,1019.9,1020.0,1019.950000
1759175728.6166172,1019.9,1020.0,1019.950000
1759175728.9035516,1019.9,1020.0,1019.950000
1759175729.6444194,1019.9,1020.0,1019.950000
1759175729.9095092,1019.9,1020.1,1020.000000
1759175730.2494256,1020.0,1020.1,1020.050000
1759175730.424859,1020.0,1020.1,1020.050000
1759175730.712274,1020.0,1020.1,1020.050000
1759175730.9924066,1020.0,1020.2,1020.100000
1759175731.2551105,1020.1,1020.2,1020.150000
1759175731.5149117,1020.1,1020.2,1020.150000
1759175731.8246436,1020.1,1020.2,1020.150000
1759175732.0932777,1020.1,1020.2,1020.150000
1759175732.376016,1020.1,1020.2,1020.150000
1759175732.6722593,1020.1,1020.2,1020.150000
1759175732.935905,1020.1,1020.2,1020.150000
1759175733.2079978,1020.1,1020.2,1020.150000
1759175733.6610775,1020.1,1020.2,1020.150000
1759175733.976656,1020.1,1020.2,1020.150000
1759175734.257845,1020.1,1020.2,1020.150000
1759175734.5970085,1020.1,1020.2,1020.150000
1759175734.8831549,1020.1,1020.2,1020.150000
1759175735.1593187,1020.1,1020.2,1020.150000
1759175735.7482834,1020.1,1020.3,1020.200000
1759175736.0113502,1020.1,1020.3,1020.200000
1759175736.6033864,1020.2,1020.3,1020.250000
1759175736.8321335,1020.2,1020.3,1020.250000
1759175737.057529,1020.2,1020.3,1020.250000
1759175737.315892,1020.2,1020.3,1020.250000
1759175737.6878748,1020.2,1020.3,1020.250000
1759175737.9830387,1020.2,1020.3,1020.250000
1759175738.3417408,1020.2,1020.3,1020.250000
1759175738.6110253,1020.2,1020.3,1020.250000
1759175738.874326,1020.2,1020.3,1020.250000
1759175739.124473,1020.2,1020.3,1020.250000
1759175740.6542704,1020.2,1020.3,1020.250000
1759175741.0613074,1020.2,1020.3,1020.250000
1759175742.5261598,1020.2,1020.3,1020.250000
1759175743.0720615,1020.2,1020.3,1020.250000
1759175744.2711735,1020.2,1020.3,1020.250000
1759175744.5324352,1020.2,1020.3,1020.250000
1759175745.320662,1020.2,1020.3,1020.250000
1759175745.650508,1020.2,1020.3,1020.250000
1759175746.236071,1020.2,1020.3,1020.250000
1759175746.4994981,1020.2,1020.3,1020.250000
1759175746.785506,1020.2,1020.3,1020.250000
1759175747.0367246,1020.2,1020.3,1020.250000
1759175747.3519752,1020.0,1020.1,1020.050000
1759175747.615343,1020.0,1020.1,1020.050000
1759175748.0491672,1020.0,1020.1,1020.050000
1759175748.4199102,1020.0,1020.1,1020.050000
1759175748.805877,1020.0,1020.1,1020.050000
1759175749.0433447,1020.0,1020.1,1020.050000
1759175749.308681,1020.0,1020.1,1020.050000
1759175749.5731637,1020.0,1020.1,1020.050000
1759175749.9031088,1020.0,1020.1,1020.050000
1759175750.309407,1020.0,1020.1,1020.050000
1759175750.6207712,1020.0,1020.1,1020.050000
1759175750.8723993,1020.0,1020.1,1020.050000
1759175751.2752576,1020.0,1020.1,1020.050000
1759175751.5260677,1020.0,1020.1,1020.050000
1759175751.8423796,1020.0,1020.1,1020.050000
1759175752.7602136,1020.0,1020.1,1020.050000
1759175753.2893686,1020.0,1020.2,1020.100000
1759175753.5628598,1020.1,1020.2,1020.150000
1759175753.916299,1020.1,1020.2,1020.150000
1759175754.4772696,1020.1,1020.2,1020.150000
1759175754.7409067,1020.1,1020.2,1020.150000
1759175754.991686,1020.1,1020.2,1020.150000
1759175755.2438226,1020.1,1020.2,1020.150000
1759175755.657642,1020.1,1020.2,1020.150000
1759175756.2186387,1020.1,1020.2,1020.150000
1759175756.4336727,1020.1,1020.2,1020.150000
1759175756.693952,1020.1,1020.2,1020.150000
1759175759.763861,1020.1,1020.2,1020.150000
1759175760.030137,1020.1,1020.2,1020.150000
1759175760.99614,1020.1,1020.2,1020.150000
1759175761.2784765,1020.1,1020.2,1020.150000
1759175761.7182043,1020.1,1020.2,1020.150000
1759175762.1325262,1020.1,1020.2,1020.150000
1759175762.3964689,1020.1,1020.2,1020.150000
1759175762.6458654,1020.1,1020.2,1020.150000
1759175762.9147305,1020.1,1020.2,1020.150000
1759175763.6192994,1020.1,1020.2,1020.150000
1759175763.8831527,1020.1,1020.2,1020.150000
1759175764.3479989,1020.1,1020.2,1020.150000
1759175764.9387462,1020.1,1020.2,1020.150000
1759175765.3342292,1020.1,1020.2,1020.150000
1759175765.6883948,1020.1,1020.2,1020.150000
1759175766.0191247,1020.1,1020.2,1020.150000
1759175767.7074761,1020.1,1020.2,1020.150000
1759175768.8883991,1020.1,1020.2,1020.150000
1759175769.175661,1020.1,1020.2,1020.150000
1759175769.6926842,1020.1,1020.2,1020.150000
1759175769.9534562,1020.1,1020.2,1020.150000
1759175770.3835711,1020.1,1020.2,1020.150000
1759175770.6910074,1020.1,1020.2,1020.150000
1759175770.9484305,1020.1,1020.2,1020.150000
1759175771.555872,1020.1,1020.2,1020.150000
1759175771.8222563,1020.1,1020.2,1020.150000
1759175772.2946124,1020.1,1020.2,1020.150000
1759175772.709716,1020.1,1020.3,1020.200000
1759175772.9786148,1020.1,1020.3,1020.200000
1759175773.3745816,1020.1,1020.3,1020.200000
1759175773.738362,1020.2,1020.3,1020.250000
1759175774.4000123,1020.2,1020.3,1020.250000
1759175774.659264,1020.2,1020.3,1020.250000
1759175774.9243624,1020.2,1020.3,1020.250000
1759175775.2048414,1020.2,1020.3,1020.250000
1759175775.4275866,1020.2,1020.3,1020.250000
1759175775.7058837,1020.2,1020.3,1020.250000
1759175775.9998581,1020.2,1020.3,1020.250000
1759175776.4956253,1020.3,1020.4,1020.350000
1759175776.7477648,1020.3,1020.4,1020.350000
1759175777.079301,1020.3,1020.4,1020.350000
1759175777.3575196,1020.4,1020.5,1020.450000
1759175777.6280553,1020.4,1020.5,1020.450000
1759175777.9058452,1020.4,1020.5,1020.450000
1759175778.5145404,1020.4,1020.5,1020.450000
1759175778.788028,1020.4,1020.5,1020.450000
1759175779.0580945,1020.4,1020.5,1020.450000
1759175779.3975153,1020.4,1020.5,1020.450000
1759175779.693804,1020.4,1020.5,1020.450000
1759175779.9756188,1020.4,1020.6,1020.500000
1759175780.230968,1020.5,1020.6,1020.550000
1759175780.4926622,1020.5,1020.6,1020.550000
1759175780.9270284,1020.5,1020.6,1020.550000
1759175781.1789296,1020.5,1020.6,1020.550000
1759175781.7140002,1020.5,1020.6,1020.550000
1759175782.0001905,1020.5,1020.6,1020.550000
1759175782.3083963,1020.5,1020.6,1020.550000
1759175782.5647774,1020.5,1020.7,1020.600000
1759175782.9195864,1020.6,1020.7,1020.650000
1759175783.1792512,1020.6,1020.7,1020.650000
1759175783.512383,1020.6,1020.7,1020.650000
1759175784.490826,1020.6,1020.7,1020.650000
1759175784.8009744,1020.6,1020.7,1020.650000
1759175785.3566697,1020.6,1020.7,1020.650000
1759175785.6872401,1020.6,1020.7,1020.650000
1759175786.617603,1020.6,1020.7,1020.650000
1759175786.8858066,1020.6,1020.7,1020.650000
1759175787.1548016,1020.6,1020.7,1020.650000
1759175787.4291544,1020.6,1020.7,1020.650000
1759175788.0483286,1020.6,1020.7,1020.650000
1759175788.3800004,1020.6,1020.7,1020.650000
1759175788.6823723,1020.6,1020.7,1020.650000
1759175788.9350448,1020.6,1020.7,1020.650000
1759175789.270001,1020.6,1020.7,1020.650000
1759175789.5639057,1020.6,1020.7,1020.650000
1759175790.0141428,1020.4,1020.7,1020.550000
1759175790.2922645,1020.6,1020.7,1020.650000
1759175790.5401034,1020.6,1020.7,1020.650000
1759175791.0534217,1020.6,1020.7,1020.650000
1759175791.3066745,1020.6,1020.7,1020.650000
1759175791.8219504,1020.6,1020.7,1020.650000
1759175792.0817695,1020.6,1020.7,1020.650000
1759175792.4214594,1020.6,1020.7,1020.650000
1759175792.675718,1020.6,1020.7,1020.650000
1759175792.947954,1020.6,1020.7,1020.650000
1759175793.2248828,1020.6,1020.7,1020.650000
1759175793.4941192,1020.6,1020.7,1020.650000
1759175793.7670364,1020.6,1020.7,1020.650000
1759175794.0533662,1020.6,1020.7,1020.650000
1759175794.4776876,1020.6,1020.7,1020.650000
1759175794.7548287,1020.6,1020.7,1020.650000
1759175795.1547673,1020.6,1020.7,1020.650000
1759175795.530941,1020.6,1020.7,1020.650000
1759175795.8803515,1020.6,1020.7,1020.650000
1759175796.1675935,1020.6,1020.7,1020.650000
1759175796.6218045,1020.6,1020.7,1020.650000
1759175796.913251,1020.6,1020.7,1020.650000
1759175797.525332,1020.6,1020.7,1020.650000
1759175797.9298477,1020.6,1020.7,1020.650000
1759175798.1925821,1020.6,1020.7,1020.650000
1759175798.9554555,1020.6,1020.7,1020.650000
1759175799.4897342,1020.6,1020.7,1020.650000
1759175799.7435455,1020.6,1020.8,1020.700000
1759175800.0834177,1020.6,1020.8,1020.700000
1759175801.5285742,1020.7,1020.8,1020.750000
1759175801.7915552,1020.7,1020.8,1020.750000
1759175802.7411401,1020.7,1020.8,1020.750000
1759175803.0566666,1020.7,1020.8,1020.750000
1759175803.544441,1020.7,1020.8,1020.750000
1759175803.9652646,1020.7,1020.8,1020.750000
1759175804.4108157,1020.7,1020.8,1020.750000
1759175804.8310215,1020.7,1020.8,1020.750000
1759175805.3635743,1020.7,1020.8,1020.750000
1759175805.7402687,1020.7,1020.8,1020.750000
1759175806.0420682,1020.7,1020.8,1020.750000
1759175806.3082323,1020.7,1020.8,1020.750000
1759175806.651135,1020.7,1020.8,1020.750000
1759175806.9723246,1020.7,1020.8,1020.750000
1759175807.4099255,1020.7,1020.8,1020.750000
1759175807.7456505,1020.7,1020.8,1020.750000
1759175808.6922493,1020.7,1020.8,1020.750000
1759175809.5372264,1020.7,1020.8,1020.750000
1759175810.1848934,1020.5,1020.8,1020.650000
1759175810.477803,1020.5,1020.6,1020.550000
1759175810.7428334,1020.5,1020.6,1020.550000
1759175811.110038,1020.5,1020.6,1020.550000
1759175811.9288056,1020.5,1020.6,1020.550000
1759175812.2485702,1020.5,1020.6,1020.550000
1759175813.2700062,1020.5,1020.6,1020.550000
1759175813.649592,1020.5,1020.6,1020.550000
1759175813.9875724,1020.5,1020.6,1020.550000
1759175814.311404,1020.5,1020.6,1020.550000
1759175814.7071588,1020.5,1020.6,1020.550000
1759175815.3212712,1020.5,1020.6,1020.550000
1759175816.0277107,1020.5,1020.6,1020.550000
1759175816.2951386,1020.5,1020.6,1020.550000
1759175816.559153,1020.2,1020.5,1020.350000
1759175816.8205543,1020.3,1020.5,1020.400000
1759175817.117904,1020.3,1020.5,1020.400000
1759175817.36807,1020.3,1020.5,1020.400000
1759175817.7039156,1020.3,1020.4,1020.350000
1759175817.965691,1020.3,1020.4,1020.350000
1759175818.2168753,1020.3,1020.4,1020.350000
1759175818.480094,1020.3,1020.4,1020.350000
1759175819.527015,1020.3,1020.4,1020.350000
1759175819.795766,1020.3,1020.4,1020.350000
1759175820.3692017,1020.3,1020.4,1020.350000
1759175821.247929,1020.3,1020.4,1020.350000
1759175822.2948105,1020.3,1020.4,1020.350000
1759175822.5961475,1020.3,1020.4,1020.350000
1759175822.8474562,1020.3,1020.4,1020.350000
1759175823.1218717,1020.3,1020.4,1020.350000
1759175823.6004722,1020.3,1020.5,1020.400000
1759175823.8569176,1020.3,1020.5,1020.400000
1759175824.1915493,1020.4,1020.5,1020.450000
1759175824.4722211,1020.4,1020.5,1020.450000
1759175825.0666397,1020.4,1020.5,1020.450000
1759175825.337706,1020.4,1020.5,1020.450000
1759175825.5892398,1020.4,1020.5,1020.450000
1759175826.0127676,1020.4,1020.5,1020.450000
1759175826.4799345,1020.4,1020.5,1020.450000
1759175827.935332,1020.4,1020.5,1020.450000
1759175828.5936275,1020.4,1020.5,1020.450000
1759175829.577639,1020.4,1020.5,1020.450000
1759175829.9598918,1020.4,1020.5,1020.450000
1759175830.2217076,1020.5,1020.6,1020.550000
1759175830.475624,1020.5,1020.6,1020.550000
1759175831.0013802,1020.5,1020.6,1020.550000
1759175831.4352992,1020.5,1020.6,1020.550000
1759175831.7465558,1020.5,1020.6,1020.550000
1759175832.02243,1020.5,1020.6,1020.550000
1759175832.2867024,1020.5,1020.6,1020.550000
1759175832.780139,1020.5,1020.7,1020.600000
1759175833.081328,1020.6,1020.7,1020.650000
1759175833.3425715,1020.6,1020.7,1020.650000
1759175833.7098968,1020.6,1020.7,1020.650000
1759175834.7108705,1020.6,1020.7,1020.650000
1759175835.217193,1020.6,1020.7,1020.650000
1759175835.7387052,1020.6,1020.7,1020.650000
1759175836.244274,1020.6,1020.7,1020.650000
1759175836.8209417,1020.6,1020.7,1020.650000
1759175838.6835327,1020.6,1020.7,1020.650000
1759175839.0529835,1020.6,1020.7,1020.650000
1759175839.5818238,1020.6,1020.7,1020.650000
1759175840.2577908,1020.6,1020.7,1020.650000
1759175840.694969,1020.6,1020.7,1020.650000
1759175841.223194,1020.6,1020.7,1020.650000
1759175841.7423384,1020.6,1020.7,1020.650000
1759175842.2890723,1020.6,1020.7,1020.650000
1759175842.6593425,1020.6,1020.7,1020.650000
1759175842.911604,1020.6,1020.7,1020.650000
1759175843.3651423,1020.6,1020.7,1020.650000
1759175843.6690564,1020.6,1020.7,1020.650000
1759175843.9472573,1020.6,1020.7,1020.650000
1759175844.3540885,1020.6,1020.7,1020.650000
1759175844.6042697,1020.6,1020.7,1020.650000
1759175844.896372,1020.7,1020.8,1020.750000
1759175845.1521385,1020.7,1020.8,1020.750000
1759175845.4130201,1020.7,1020.8,1020.750000
1759175845.7167463,1020.7,1020.8,1020.750000
1759175846.0233548,1020.7,1020.8,1020.750000
1759175846.66071,1020.7,1020.8,1020.750000
1759175846.9879644,1020.7,1020.8,1020.750000
1759175847.657571,1020.7,1020.8,1020.750000
1759175847.9152157,1020.7,1020.8,1020.750000
1759175848.5641203,1020.7,1020.8,1020.750000
1759175848.824464,1020.7,1020.8,1020.750000
1759175849.5910966,1020.7,1020.8,1020.750000
1759175849.8516295,1020.7,1020.8,1020.750000
1759175850.2657027,1020.7,1020.8,1020.750000
1759175850.6453755,1020.7,1020.8,1020.750000
1759175850.9019692,1020.7,1020.8,1020.750000
1759175851.3899446,1020.7,1020.8,1020.750000
1759175851.6576307,1020.7,1020.8,1020.750000
1759175851.9979954,1020.7,1020.8,1020.750000
1759175852.2630415,1020.7,1020.8,1020.750000
1759175852.5314837,1020.7,1020.8,1020.750000
1759175853.0001225,1020.7,1020.9,1020.800000
1759175853.2563262,1020.7,1020.9,1020.800000
1759175853.6123333,1020.8,1020.9,1020.850000
1759175853.8763952,1020.8,1020.9,1020.850000
1759175854.7906275,1020.8,1020.9,1020.850000
1759175855.0478272,1020.8,1020.9,1020.850000
1759175856.0240393,1020.8,1020.9,1020.850000
1759175856.745873,1020.8,1020.9,1020.850000
1759175857.9647822,1020.8,1020.9,1020.850000
1759175858.3458366,1020.8,1020.9,1020.850000
1759175859.783284,1020.8,1020.9,1020.850000
1759175860.1058757,1020.8,1020.9,1020.850000
1759175860.6009643,1020.8,1020.9,1020.850000
1759175861.0440915,1020.8,1020.9,1020.850000
1759175861.4379625,1020.8,1020.9,1020.850000
1759175861.6949217,1020.8,1020.9,1020.850000
1759175862.7823975,1020.8,1020.9,1020.850000
1759175864.0513182,1020.8,1020.9,1020.850000
1759175864.4354622,1020.8,1020.9,1020.850000
1759175865.367451,1020.8,1020.9,1020.850000
1759175865.9942768,1020.8,1020.9,1020.850000
1759175866.520721,1020.8,1020.9,1020.850000
1759175866.8371847,1020.8,1020.9,1020.850000
1759175867.141994,1020.8,1020.9,1020.850000
1759175867.4761183,1020.8,1020.9,1020.850000
1759175869.0392156,1020.8,1020.9,1020.850000
1759175869.8575063,1020.8,1020.9,1020.850000
1759175870.121942,1020.8,1020.9,1020.850000
1759175870.3855658,1020.8,1020.9,1020.850000
1759175870.6544406,1020.8,1020.9,1020.850000
1759175870.9211128,1020.8,1020.9,1020.850000
1759175871.3079896,1020.8,1020.9,1020.850000
1759175871.6207194,1020.8,1020.9,1020.850000
1759175871.8800483,1020.8,1020.9,1020.850000
1759175872.2643635,1020.8,1021.0,1020.900000
1759175872.528042,1020.9,1021.0,1020.950000
1759175872.7935307,1020.9,1021.0,1020.950000
1759175873.3940103,1020.9,1021.0,1020.950000
1759175873.6754775,1020.9,1021.0,1020.950000
1759175874.0516493,1020.9,1021.0,1020.950000
1759175875.1904438,1020.9,1021.0,1020.950000
1759175876.2606382,1020.9,1021.0,1020.950000
1759175876.7467606,1020.9,1021.0,1020.950000
1759175878.0050707,1020.9,1021.0,1020.950000
1759175878.4325445,1020.9,1021.0,1020.950000
1759175878.6856375,1020.9,1021.0,1020.950000
1759175879.002361,1020.9,1021.0,1020.950000
1759175879.6065261,1020.9,1021.0,1020.950000
1759175879.8673577,1020.9,1021.0,1020.950000
1759175880.26926,1020.9,1021.0,1020.950000
1759175880.674836,1020.9,1021.0,1020.950000
1759175880.9178593,1020.9,1021.0,1020.950000
1759175881.1842763,1020.9,1021.1,1021.000000
1759175881.4406812,1021.0,1021.1,1021.050000
1759175881.6953373,1021.0,1021.2,1021.100000
1759175881.9434268,1021.1,1021.2,1021.150000
1759175882.295627,1021.1,1021.2,1021.150000
1759175882.5792575,1021.1,1021.3,1021.200000
1759175882.8372107,1021.2,1021.3,1021.250000
1759175883.1234603,1021.2,1021.3,1021.250000
1759175883.403563,1021.2,1021.3,1021.250000
1759175883.7796724,1021.2,1021.3,1021.250000
1759175884.1925745,1021.2,1021.3,1021.250000
1759175884.485948,1021.2,1021.3,1021.250000
1759175884.750842,1021.2,1021.3,1021.250000
1759175885.1122751,1021.2,1021.3,1021.250000
1759175885.3671772,1021.2,1021.3,1021.250000
1759175885.9799752,1021.2,1021.3,1021.250000
1759175886.2809534,1021.2,1021.3,1021.250000
1759175886.5771549,1021.2,1021.3,1021.250000
1759175887.2039905,1021.2,1021.3,1021.250000
1759175888.5957603,1021.2,1021.3,1021.250000
1759175888.9073758,1021.2,1021.4,1021.300000
1759175889.176245,1021.2,1021.4,1021.300000
1759175889.4936848,1021.2,1021.4,1021.300000
1759175889.9781485,1021.2,1021.4,1021.300000
1759175890.7274468,1021.3,1021.4,1021.350000
1759175890.9792216,1021.3,1021.4,1021.350000
1759175891.2359326,1021.3,1021.4,1021.350000
1759175891.5659316,1021.3,1021.4,1021.350000
1759175891.8172503,1021.3,1021.4,1021.350000
1759175892.1867537,1021.2,1021.4,1021.300000
1759175892.44795,1021.3,1021.4,1021.350000
1759175892.6971319,1021.3,1021.4,1021.350000
1759175892.970447,1021.3,1021.4,1021.350000
1759175893.2295399,1021.3,1021.4,1021.350000
1759175893.644252,1021.2,1021.4,1021.300000
1759175893.9076252,1021.3,1021.4,1021.350000
1759175894.170207,1021.2,1021.4,1021.300000
1759175894.6875935,1021.3,1021.4,1021.350000
1759175895.0343058,1021.3,1021.4,1021.350000
1759175895.8678546,1021.3,1021.4,1021.350000
1759175896.3389716,1021.3,1021.4,1021.350000
1759175896.8030376,1021.3,1021.4,1021.350000
1759175897.0687623,1021.3,1021.4,1021.350000
1759175897.393571,1021.3,1021.4,1021.350000
1759175898.2088513,1021.3,1021.4,1021.350000
1759175898.4231865,1021.3,1021.4,1021.350000
1759175898.746503,1021.3,1021.4,1021.350000
1759175899.04548,1021.3,1021.4,1021.350000
1759175899.3409152,1021.3,1021.4,1021.350000
1759175900.3182664,1021.2,1021.4,1021.300000
1759175900.576643,1021.0,1021.1,1021.050000
1759175900.8267088,1021.0,1021.1,1021.050000
1759175901.0898554,1021.0,1021.1,1021.050000
1759175901.43963,1021.0,1021.1,1021.050000
1759175901.7022436,1021.0,1021.1,1021.050000
1759175901.966807,1021.0,1021.1,1021.050000
1759175902.2662868,1021.0,1021.1,1021.050000
1759175902.667994,1021.0,1021.1,1021.050000
1759175903.065799,1021.0,1021.1,1021.050000
1759175903.3177874,1021.1,1021.2,1021.150000
1759175903.5775063,1021.1,1021.3,1021.200000
1759175903.84394,1021.2,1021.3,1021.250000
1759175904.106871,1021.2,1021.3,1021.250000
1759175904.3714795,1021.2,1021.3,1021.250000
1759175904.655147,1021.2,1021.3,1021.250000
1759175904.9518726,1021.2,1021.3,1021.250000
1759175905.2187774,1021.3,1021.4,1021.350000
1759175905.4671385,1021.3,1021.4,1021.350000
1759175905.9373894,1021.3,1021.4,1021.350000
1759175906.3055909,1021.3,1021.4,1021.350000
1759175906.9760873,1021.3,1021.4,1021.350000
1759175907.275211,1021.3,1021.4,1021.350000
1759175908.0660717,1021.3,1021.4,1021.350000
1759175908.6917486,1021.3,1021.4,1021.350000
1759175909.5364106,1021.3,1021.4,1021.350000
1759175910.5874023,1021.3,1021.4,1021.350000
1759175910.8614657,1021.2,1021.4,1021.300000
1759175911.1648316,1021.3,1021.4,1021.350000
1759175911.557367,1021.2,1021.4,1021.300000
1759175911.8073595,1021.2,1021.4,1021.300000
1759175912.5265896,1021.2,1021.3,1021.250000
1759175912.7892401,1021.2,1021.3,1021.250000
1759175913.0447483,1021.2,1021.3,1021.250000
1759175913.4774377,1021.1,1021.3,1021.200000
1759175913.727127,1021.1,1021.3,1021.200000
1759175913.9789898,1021.1,1021.3,1021.200000
1759175914.2309346,1021.1,1021.3,1021.200000
1759175914.5364065,1021.1,1021.3,1021.200000
1759175914.7988696,1021.1,1021.3,1021.200000
1759175915.0540676,1021.1,1021.3,1021.200000
1759175915.3081157,1021.1,1021.3,1021.200000
1759175915.590402,1021.1,1021.3,1021.200000
1759175915.8402362,1021.1,1021.3,1021.200000
1759175916.0936153,1021.1,1021.3,1021.200000
1759175916.3476956,1021.1,1021.3,1021.200000
1759175916.6152186,1021.1,1021.3,1021.200000
1759175916.876736,1021.1,1021.3,1021.200000
1759175917.142932,1021.1,1021.3,1021.200000
1759175917.3945358,1021.1,1021.3,1021.200000
1759175917.6501482,1021.1,1021.3,1021.200000
1759175917.9148757,1021.1,1021.3,1021.200000
1759175918.1721237,1021.1,1021.3,1021.200000
1759175918.425353,1021.1,1021.3,1021.200000
1759175918.7119093,1021.1,1021.3,1021.200000
1759175918.9632654,1021.1,1021.3,1021.200000
1759175919.2172337,1021.1,1021.3,1021.200000
1759175919.4725661,1021.1,1021.3,1021.200000
1759175919.7285926,1021.1,1021.3,1021.200000
1759175919.9833848,1021.1,1021.3,1021.200000
1759175920.250363,1021.1,1021.3,1021.200000
1759175920.4937015,1021.1,1021.3,1021.200000
1759175920.749434,1021.1,1021.3,1021.200000
1759175921.0127385,1021.2,1021.3,1021.250000
1759175921.2953703,1021.2,1021.3,1021.250000
1759175921.6651244,1021.2,1021.3,1021.250000
1759175921.9500277,1021.2,1021.3,1021.250000
1759175922.2220874,1021.2,1021.3,1021.250000
1759175922.967575,1021.2,1021.3,1021.250000
1759175923.2909212,1021.2,1021.3,1021.250000
1759175923.8535132,1021.2,1021.3,1021.250000
1759175925.2945871,1021.2,1021.3,1021.250000
1759175925.7344728,1021.2,1021.3,1021.250000
1759175925.9879744,1021.2,1021.3,1021.250000
1759175926.4179404,1021.2,1021.3,1021.250000
1759175926.952693,1021.2,1021.3,1021.250000
1759175927.308526,1021.2,1021.3,1021.250000
1759175927.9778128,1021.2,1021.3,1021.250000
1759175928.680952,1021.2,1021.3,1021.250000
1759175928.9469223,1021.2,1021.3,1021.250000
1759175929.2749546,1021.0,1021.1,1021.050000
1759175929.536299,1021.0,1021.1,1021.050000
1759175929.8746943,1021.0,1021.1,1021.050000
1759175930.1845775,1021.0,1021.1,1021.050000
1759175930.4612725,1021.0,1021.1,1021.050000
1759175931.3869078,1021.0,1021.1,1021.050000
1759175931.8308783,1021.0,1021.1,1021.050000
1759175932.2493348,1021.0,1021.2,1021.100000
1759175932.5398908,1021.0,1021.2,1021.100000
1759175933.023977,1021.0,1021.2,1021.100000
1759175933.2865517,1021.0,1021.2,1021.100000
1759175933.5994704,1021.0,1021.1,1021.050000
1759175933.9141834,1021.1,1021.2,1021.150000
1759175934.2013884,1021.1,1021.2,1021.150000
1759175934.7207482,1021.1,1021.2,1021.150000
1759175935.6585507,1021.1,1021.2,1021.150000
1759175935.9183292,1021.1,1021.2,1021.150000
1759175936.3317256,1021.1,1021.2,1021.150000
1759175936.897834,1021.1,1021.2,1021.150000
1759175937.487118,1021.1,1021.2,1021.150000
1759175939.5394542,1021.1,1021.2,1021.150000
1759175939.7885842,1021.1,1021.2,1021.150000
1759175940.1231508,1021.1,1021.2,1021.150000
1759175940.4673405,1021.1,1021.2,1021.150000
1759175940.7169847,1021.1,1021.2,1021.150000
1759175941.2264268,1021.1,1021.2,1021.150000
1759175941.477826,1021.1,1021.2,1021.150000
1759175941.759178,1021.1,1021.2,1021.150000
1759175942.0855696,1021.1,1021.2,1021.150000
1759175942.3626382,1021.1,1021.2,1021.150000
1759175942.6139336,1021.1,1021.2,1021.150000
1759175942.8760812,1021.0,1021.2,1021.100000
1759175943.1468656,1021.0,1021.1,1021.050000
1759175943.413553,1021.0,1021.1,1021.050000
1759175943.7536979,1021.0,1021.1,1021.050000
1759175944.0041106,1021.0,1021.1,1021.050000
1759175944.3948514,1021.0,1021.1,1021.050000
1759175944.7760565,1021.0,1021.1,1021.050000
1759175945.0706954,1021.0,1021.1,1021.050000
1759175946.0808299,1021.0,1021.1,1021.050000
1759175946.3774395,1021.0,1021.1,1021.050000
1759175946.8104656,1021.0,1021.1,1021.050000
1759175947.0613081,1021.0,1021.1,1021.050000
1759175947.6216118,1021.1,1021.2,1021.150000
1759175947.83155,1021.1,1021.2,1021.150000
1759175948.118811,1021.1,1021.2,1021.150000
1759175948.6228178,1021.1,1021.2,1021.150000
1759175948.871421,1021.1,1021.2,1021.150000
1759175949.151026,1021.1,1021.2,1021.150000
1759175949.7193837,1021.1,1021.2,1021.150000
1759175950.1044445,1021.1,1021.2,1021.150000
1759175950.403855,1021.1,1021.2,1021.150000
1759175950.8235533,1021.1,1021.2,1021.150000
1759175951.2101347,1021.1,1021.2,1021.150000
1759175951.4850297,1021.1,1021.2,1021.150000
1759175951.7348785,1021.1,1021.2,1021.150000
1759175952.2435415,1021.1,1021.2,1021.150000
1759175952.650934,1021.2,1021.3,1021.250000
1759175952.9142427,1021.2,1021.3,1021.250000
1759175953.2782276,1021.2,1021.3,1021.250000
1759175953.666262,1021.2,1021.3,1021.250000
1759175953.9276986,1021.2,1021.3,1021.250000
1759175954.1997333,1021.2,1021.4,1021.300000
1759175954.4721274,1021.2,1021.3,1021.250000
1759175954.724043,1021.2,1021.3,1021.250000
1759175955.8385274,1021.2,1021.3,1021.250000
1759175956.5539374,1021.2,1021.3,1021.250000
1759175956.81894,1021.2,1021.3,1021.250000
1759175957.5344405,1021.2,1021.3,1021.250000
1759175957.789947,1021.2,1021.3,1021.250000
1759175958.160341,1021.2,1021.3,1021.250000
1759175958.42226,1021.1,1021.2,1021.150000
1759175958.6722357,1021.1,1021.2,1021.150000
1759175958.9398954,1021.1,1021.2,1021.150000
1759175959.234672,1021.1,1021.2,1021.150000
1759175959.5137634,1021.1,1021.2,1021.150000
1759175960.26637,1021.1,1021.2,1021.150000
1759175960.8009322,1021.1,1021.2,1021.150000
1759175961.2312453,1021.1,1021.2,1021.150000
1759175962.888608,1021.1,1021.2,1021.150000
1759175963.510339,1021.0,1021.2,1021.100000
1759175963.7546675,1021.0,1021.1,1021.050000
1759175964.018866,1020.9,1021.0,1020.950000
1759175964.2842364,1020.9,1021.0,1020.950000
1759175964.558809,1020.8,1021.0,1020.900000
1759175964.801471,1020.8,1020.9,1020.850000
1759175965.0809314,1020.8,1020.9,1020.850000
1759175965.399009,1020.8,1020.9,1020.850000
1759175965.665525,1020.7,1020.8,1020.750000
1759175965.9353929,1020.7,1020.8,1020.750000
1759175966.2213023,1020.7,1020.8,1020.750000
1759175966.4855154,1020.7,1020.8,1020.750000
1759175966.7848759,1020.7,1020.8,1020.750000
1759175967.2212248,1020.7,1020.8,1020.750000
1759175968.308553,1020.7,1020.8,1020.750000
1759175968.6618893,1020.7,1020.8,1020.750000
1759175968.9786708,1020.7,1020.8,1020.750000
1759175969.2818608,1020.7,1020.8,1020.750000
1759175969.6472428,1020.7,1020.8,1020.750000
1759175970.0202277,1020.5,1020.6,1020.550000
1759175970.2838326,1020.5,1020.6,1020.550000
1759175970.5534964,1020.5,1020.6,1020.550000
1759175970.8220477,1020.5,1020.6,1020.550000
1759175971.4064262,1020.5,1020.6,1020.550000
1759175971.8859184,1020.5,1020.6,1020.550000
1759175972.2524936,1020.5,1020.6,1020.550000
1759175972.6810138,1020.5,1020.6,1020.550000
1759175972.9718683,1020.5,1020.6,1020.550000
1759175973.3521583,1020.5,1020.6,1020.550000
1759175973.60691,1020.3,1020.4,1020.350000
1759175973.863843,1020.3,1020.4,1020.350000
1759175974.1217136,1020.3,1020.4,1020.350000
1759175974.4124277,1020.3,1020.4,1020.350000
1759175974.677704,1020.3,1020.4,1020.350000
1759175974.951255,1020.3,1020.4,1020.350000
1759175975.4853947,1020.3,1020.4,1020.350000
1759175976.0508866,1020.3,1020.4,1020.350000
1759175976.3092697,1020.3,1020.4,1020.350000
1759175976.738007,1020.3,1020.4,1020.350000
1759175977.0325472,1020.3,1020.4,1020.350000
1759175977.3029714,1020.3,1020.4,1020.350000
1759175977.5654516,1020.3,1020.4,1020.350000
1759175977.8755102,1020.3,1020.4,1020.350000
1759175978.2875097,1020.3,1020.4,1020.350000
1759175978.6470425,1020.3,1020.4,1020.350000
1759175978.9121377,1020.3,1020.4,1020.350000
1759175979.4903529,1020.3,1020.4,1020.350000
1759175980.988161,1020.3,1020.4,1020.350000
1759175981.3320653,1020.3,1020.4,1020.350000
1759175981.8366585,1020.3,1020.4,1020.350000
1759175982.2691941,1020.3,1020.4,1020.350000
1759175982.7219799,1020.3,1020.4,1020.350000
1759175983.0452845,1020.3,1020.4,1020.350000
1759175983.349151,1020.3,1020.4,1020.350000
1759175983.8646598,1020.3,1020.4,1020.350000
1759175984.2825758,1020.3,1020.4,1020.350000
1759175984.6039164,1020.2,1020.4,1020.300000
1759175984.798323,1020.2,1020.4,1020.300000
1759175985.0504427,1020.2,1020.4,1020.300000
1759175985.3070402,1020.3,1020.4,1020.350000
1759175985.5599205,1020.3,1020.4,1020.350000
1759175986.0197275,1020.3,1020.4,1020.350000
1759175986.747553,1020.3,1020.4,1020.350000
1759175987.7132862,1020.3,1020.4,1020.350000
1759175988.0951724,1020.3,1020.4,1020.350000
1759175988.3617618,1020.3,1020.4,1020.350000
1759175989.6211991,1020.3,1020.4,1020.350000
1759175989.9137444,1020.3,1020.4,1020.350000
1759175990.511943,1020.3,1020.4,1020.350000
1759175990.8981943,1020.3,1020.4,1020.350000
1759175991.2145355,1020.3,1020.4,1020.350000
1759175991.6886244,1020.3,1020.4,1020.350000
1759175992.4735475,1020.3,1020.4,1020.350000
1759175992.7351515,1020.4,1020.5,1020.450000
1759175993.0039203,1020.4,1020.5,1020.450000
1759175993.28166,1020.4,1020.5,1020.450000
1759175993.5649421,1020.4,1020.5,1020.450000
1759175993.9038372,1020.4,1020.5,1020.450000
1759175994.159027,1020.4,1020.5,1020.450000
1759175994.4339347,1020.4,1020.7,1020.550000
1759175994.698758,1020.5,1020.6,1020.550000
1759175995.0561779,1020.4,1020.6,1020.500000
1759175995.3118818,1020.5,1020.6,1020.550000
1759175995.5606587,1020.5,1020.6,1020.550000
1759175996.096568,1020.5,1020.6,1020.550000
1759175996.3588767,1020.5,1020.6,1020.550000
1759175997.2985804,1020.5,1020.6,1020.550000
1759175997.6757772,1020.5,1020.6,1020.550000
1759175998.1419756,1020.5,1020.6,1020.550000
1759175999.7416291,1020.5,1020.6,1020.550000
1759176000.1603699,1020.5,1020.6,1020.550000
1759176001.490185,1020.5,1020.6,1020.550000
1759176001.7993546,1020.5,1020.6,1020.550000
1759176002.4047415,1020.5,1020.6,1020.550000
1759176002.694501,1020.5,1020.6,1020.550000
1759176002.9436831,1020.5,1020.6,1020.550000
1759176003.2851372,1020.5,1020.6,1020.550000
1759176003.4849708,1020.5,1020.6,1020.550000
1759176003.7321227,1020.5,1020.6,1020.550000
1759176004.0349429,1020.5,1020.6,1020.550000
1759176004.3095186,1020.5,1020.7,1020.600000
1759176004.5748327,1020.5,1020.6,1020.550000
1759176004.8364973,1020.5,1020.6,1020.550000
1759176005.210087,1020.5,1020.6,1020.550000
1759176005.5074365,1020.5,1020.6,1020.550000
1759176005.8623385,1020.5,1020.6,1020.550000
1759176006.2110217,1020.5,1020.6,1020.550000
1759176006.5364077,1020.5,1020.6,1020.550000
1759176006.788939,1020.5,1020.6,1020.550000
1759176007.0829644,1020.5,1020.6,1020.550000
1759176007.3938186,1020.5,1020.6,1020.550000
1759176007.662081,1020.5,1020.7,1020.600000
1759176007.9142604,1020.5,1020.7,1020.600000
1759176008.204626,1020.5,1020.7,1020.600000
1759176008.5773365,1020.5,1020.7,1020.600000
1759176008.8268273,1020.6,1020.7,1020.650000
1759176009.0915895,1020.6,1020.7,1020.650000
1759176009.417027,1020.6,1020.7,1020.650000
1759176009.7264152,1020.6,1020.7,1020.650000
1759176010.0105054,1020.6,1020.7,1020.650000
1759176010.2889729,1020.6,1020.7,1020.650000
1759176010.6378396,1020.6,1020.7,1020.650000
1759176010.9559147,1020.6,1020.8,1020.700000
1759176011.219725,1020.6,1020.8,1020.700000
1759176011.507964,1020.7,1020.8,1020.750000
1759176011.768463,1020.7,1020.8,1020.750000
1759176012.0318503,1020.7,1020.8,1020.750000
1759176012.3851566,1020.7,1020.8,1020.750000
1759176012.6650634,1020.7,1020.8,1020.750000
1759176013.1143394,1020.7,1020.8,1020.750000
1759176013.4108996,1020.7,1020.8,1020.750000
1759176013.6916773,1020.7,1020.8,1020.750000
1759176014.07761,1020.7,1020.8,1020.750000
1759176014.5412915,1020.7,1020.8,1020.750000
1759176014.9068167,1020.7,1020.8,1020.750000
1759176015.1969135,1020.7,1020.8,1020.750000
1759176015.4264657,1020.7,1020.8,1020.750000
1759176015.7364864,1020.7,1020.8,1020.750000
1759176016.0422034,1020.7,1020.8,1020.750000
1759176016.6942785,1020.7,1020.8,1020.750000
1759176016.9599648,1020.7,1020.8,1020.750000
1759176017.2494152,1020.7,1020.8,1020.750000
1759176017.5904846,1020.7,1020.8,1020.750000
1759176017.9130013,1020.7,1020.8,1020.750000
1759176018.428999,1020.7,1020.8,1020.750000
1759176018.6613858,1020.7,1020.8,1020.750000
1759176018.9213967,1020.7,1020.8,1020.750000
1759176019.1840346,1020.7,1020.8,1020.750000
1759176019.4942536,1020.7,1020.8,1020.750000
1759176020.2832808,1020.7,1020.8,1020.750000
1759176020.5685363,1020.7,1020.8,1020.750000
1759176021.0028303,1020.7,1020.8,1020.750000
1759176021.4409974,1020.7,1020.8,1020.750000
1759176022.0493345,1020.7,1020.8,1020.750000
1759176022.8223803,1020.6,1020.7,1020.650000
1759176023.0857155,1020.5,1020.6,1020.550000
1759176023.3502426,1020.5,1020.6,1020.550000
1759176023.7648385,1020.5,1020.6,1020.550000
1759176024.2901082,1020.2,1020.3,1020.250000
1759176024.5737693,1020.2,1020.3,1020.250000
1759176024.871885,1020.2,1020.3,1020.250000
1759176025.1361966,1020.2,1020.3,1020.250000
1759176025.5550177,1020.2,1020.3,1020.250000
1759176025.8095343,1020.2,1020.3,1020.250000
1759176026.1594584,1020.2,1020.3,1020.250000
1759176028.2171807,1020.2,1020.3,1020.250000
1759176028.4848225,1020.2,1020.3,1020.250000
1759176028.9379537,1020.2,1020.3,1020.250000
1759176029.408551,1020.2,1020.3,1020.250000
1759176029.6960557,1020.2,1020.3,1020.250000
1759176030.7984362,1020.2,1020.3,1020.250000
1759176031.0727298,1020.2,1020.3,1020.250000
1759176031.3662848,1020.2,1020.3,1020.250000
1759176031.702806,1020.2,1020.3,1020.250000
1759176032.1049287,1020.2,1020.3,1020.250000
1759176032.4619355,1020.2,1020.3,1020.250000
1759176032.7938612,1020.2,1020.3,1020.250000
1759176033.144284,1020.2,1020.3,1020.250000
1759176034.2821136,1020.2,1020.3,1020.250000
1759176034.5837789,1020.1,1020.3,1020.200000
1759176034.8467634,1020.2,1020.3,1020.250000
1759176035.1118534,1020.2,1020.3,1020.250000
1759176035.5563502,1020.2,1020.3,1020.250000
1759176036.1558077,1020.2,1020.3,1020.250000
1759176036.6202636,1020.2,1020.3,1020.250000
1759176036.9228582,1020.2,1020.3,1020.250000
1759176037.1783686,1020.2,1020.3,1020.250000
1759176037.4997783,1020.2,1020.3,1020.250000
1759176038.6720462,1020.2,1020.3,1020.250000
1759176039.0311491,1020.2,1020.3,1020.250000
1759176039.3626323,1020.2,1020.3,1020.250000
1759176040.3978481,1020.2,1020.3,1020.250000
1759176040.70617,1020.2,1020.3,1020.250000
1759176041.6897554,1020.2,1020.3,1020.250000
1759176042.420838,1020.2,1020.3,1020.250000
1759176042.845175,1020.2,1020.3,1020.250000
1759176043.2968988,1020.2,1020.3,1020.250000
1759176043.8279772,1020.2,1020.3,1020.250000
1759176044.428821,1020.2,1020.3,1020.250000
1759176044.7636776,1020.2,1020.3,1020.250000
1759176045.0319495,1020.2,1020.3,1020.250000
1759176045.369479,1020.2,1020.3,1020.250000
1759176045.6649046,1020.2,1020.3,1020.250000
1759176046.084668,1020.2,1020.3,1020.250000
1759176046.547873,1020.2,1020.3,1020.250000
1759176046.8647115,1020.2,1020.3,1020.250000
1759176047.3751018,1020.2,1020.3,1020.250000
1759176048.053191,1020.2,1020.3,1020.250000
1759176048.3181083,1020.2,1020.3,1020.250000
1759176048.6666281,1020.2,1020.3,1020.250000
1759176049.1072304,1020.2,1020.3,1020.250000
1759176049.3715703,1020.2,1020.3,1020.250000
1759176050.1444724,1020.2,1020.3,1020.250000
1759176050.4106612,1020.2,1020.3,1020.250000
1759176050.7480261,1020.2,1020.3,1020.250000
1759176051.0158267,1020.3,1020.5,1020.400000
1759176051.2791877,1020.3,1020.5,1020.400000
1759176051.5429935,1020.4,1020.5,1020.450000
1759176051.8112125,1020.4,1020.5,1020.450000
1759176052.232494,1020.4,1020.5,1020.450000
1759176052.6248207,1020.4,1020.5,1020.450000
1759176052.9361305,1020.4,1020.5,1020.450000
1759176053.5608902,1020.4,1020.5,1020.450000
1759176055.7254746,1020.4,1020.5,1020.450000
1759176056.4025552,1020.4,1020.5,1020.450000
1759176056.7176182,1020.4,1020.5,1020.450000
1759176057.4498339,1020.4,1020.5,1020.450000
1759176058.0991018,1020.4,1020.5,1020.450000
1759176058.3708293,1020.4,1020.5,1020.450000
1759176058.709674,1020.4,1020.5,1020.450000
1759176058.9769902,1020.4,1020.5,1020.450000
1759176059.2450352,1020.4,1020.5,1020.450000
1759176059.6560616,1020.4,1020.5,1020.450000
1759176059.9454997,1020.4,1020.5,1020.450000
1759176060.2956223,1020.4,1020.5,1020.450000
1759176060.428893,1020.4,1020.5,1020.450000
1759176061.048891,1020.4,1020.5,1020.450000
1759176061.5027292,1020.4,1020.5,1020.450000
1759176061.7683153,1020.4,1020.5,1020.450000
1759176062.0218503,1020.4,1020.5,1020.450000
1759176062.5389054,1020.4,1020.5,1020.450000
1759176062.8665102,1020.4,1020.5,1020.450000
1759176063.3510132,1020.4,1020.5,1020.450000
1759176063.6479285,1020.4,1020.5,1020.450000
1759176063.9002228,1020.4,1020.5,1020.450000
1759176064.815833,1020.4,1020.5,1020.450000
1759176065.1074991,1020.4,1020.5,1020.450000
1759176065.3721273,1020.4,1020.5,1020.450000
1759176065.6276007,1020.4,1020.5,1020.450000
1759176065.8884962,1020.3,1020.4,1020.350000
1759176066.1390207,1020.3,1020.4,1020.350000
1759176066.4006865,1020.3,1020.4,1020.350000
1759176066.739675,1020.3,1020.4,1020.350000
1759176067.2669659,1020.3,1020.4,1020.350000
1759176067.8752015,1020.3,1020.4,1020.350000
1759176068.3533564,1020.3,1020.4,1020.350000
1759176070.3051248,1020.3,1020.4,1020.350000
1759176070.6861537,1020.3,1020.4,1020.350000
1759176071.2006876,1020.3,1020.4,1020.350000
1759176071.4503279,1020.3,1020.4,1020.350000
1759176071.7099159,1020.3,1020.4,1020.350000
1759176071.9746547,1020.3,1020.4,1020.350000
1759176072.4539359,1020.3,1020.4,1020.350000
1759176072.7252781,1020.3,1020.4,1020.350000
1759176073.080687,1020.3,1020.4,1020.350000
1759176073.3373232,1020.3,1020.4,1020.350000
1759176073.6026402,1020.3,1020.4,1020.350000
1759176073.864296,1020.3,1020.4,1020.350000
1759176074.1619904,1020.3,1020.4,1020.350000
1759176074.7502902,1020.3,1020.4,1020.350000
1759176075.762958,1020.3,1020.4,1020.350000
1759176076.8745503,1020.3,1020.4,1020.350000
1759176077.2423697,1020.3,1020.4,1020.350000
1759176077.5217178,1020.3,1020.4,1020.350000
1759176078.1630816,1020.3,1020.4,1020.350000
1759176078.6409936,1020.3,1020.4,1020.350000
1759176078.900169,1020.3,1020.4,1020.350000
1759176079.1718354,1020.4,1020.5,1020.450000
1759176079.4216268,1020.4,1020.5,1020.450000
1759176079.7527637,1020.4,1020.5,1020.450000
1759176080.0482652,1020.4,1020.5,1020.450000
1759176080.3668613,1020.4,1020.5,1020.450000
1759176080.705907,1020.4,1020.5,1020.450000
1759176081.1087866,1020.4,1020.5,1020.450000
1759176081.382054,1020.4,1020.5,1020.450000
1759176081.7490392,1020.4,1020.5,1020.450000
1759176082.2002354,1020.4,1020.5,1020.450000
1759176082.8197951,1020.4,1020.5,1020.450000
1759176083.0799675,1020.3,1020.4,1020.350000
1759176083.3311493,1020.3,1020.4,1020.350000
1759176083.605389,1020.3,1020.4,1020.350000
1759176083.8390179,1020.3,1020.4,1020.350000
1759176084.142334,1020.3,1020.4,1020.350000
1759176084.3935678,1020.2,1020.3,1020.250000
1759176084.6608407,1020.2,1020.3,1020.250000
1759176084.9359915,1020.2,1020.3,1020.250000
1759176085.230106,1020.2,1020.3,1020.250000
1759176085.4973488,1020.2,1020.3,1020.250000
1759176085.9710703,1020.2,1020.3,1020.250000
1759176086.2175906,1020.2,1020.3,1020.250000
1759176086.490367,1020.2,1020.3,1020.250000
1759176086.82384,1020.2,1020.3,1020.250000
1759176087.1221604,1020.2,1020.3,1020.250000
1759176088.3323588,1020.2,1020.3,1020.250000
1759176088.7287126,1020.2,1020.3,1020.250000
1759176089.0041792,1020.2,1020.3,1020.250000
1759176089.2693405,1020.2,1020.3,1020.250000
1759176089.8156767,1020.2,1020.3,1020.250000
1759176090.1400232,1020.2,1020.3,1020.250000
1759176090.4525833,1020.2,1020.3,1020.250000
1759176090.8173633,1020.2,1020.3,1020.250000
1759176091.08577,1020.2,1020.3,1020.250000
1759176091.349461,1020.2,1020.3,1020.250000
1759176091.6209185,1020.2,1020.3,1020.250000
1759176092.0143514,1020.2,1020.3,1020.250000
1759176092.5538447,1020.2,1020.3,1020.250000
1759176093.0504153,1020.2,1020.3,1020.250000
1759176093.3117435,1020.2,1020.3,1020.250000
1759176093.5633307,1020.2,1020.3,1020.250000
1759176093.8256001,1020.3,1020.5,1020.400000
1759176094.0880873,1020.2,1020.5,1020.350000
1759176094.349764,1020.2,1020.5,1020.350000
1759176094.608186,1020.4,1020.5,1020.450000
1759176094.8719122,1020.4,1020.5,1020.450000
1759176096.0034964,1020.4,1020.5,1020.450000
1759176096.431478,1020.4,1020.5,1020.450000
1759176097.0564866,1020.4,1020.5,1020.450000
1759176097.48932,1020.4,1020.5,1020.450000
1759176097.7638977,1020.4,1020.5,1020.450000
1759176098.2294161,1020.4,1020.5,1020.450000
1759176098.6652298,1020.4,1020.5,1020.450000
1759176098.938862,1020.3,1020.5,1020.400000
1759176099.2578025,1020.3,1020.4,1020.350000
1759176099.457969,1020.3,1020.4,1020.350000
1759176099.8414524,1020.3,1020.4,1020.350000
1759176100.422984,1020.2,1020.4,1020.300000
1759176100.9075353,1020.2,1020.3,1020.250000
1759176101.1697142,1020.2,1020.3,1020.250000
1759176101.5521715,1020.2,1020.3,1020.250000
1759176102.0747178,1020.2,1020.3,1020.250000
1759176102.3559778,1020.2,1020.3,1020.250000
1759176102.6386578,1020.2,1020.3,1020.250000
1759176102.9113324,1020.2,1020.3,1020.250000
1759176103.244144,1020.2,1020.3,1020.250000
1759176103.9605608,1020.2,1020.3,1020.250000
1759176104.3835552,1020.2,1020.3,1020.250000
1759176104.8786795,1020.2,1020.3,1020.250000
1759176105.2491622,1020.2,1020.3,1020.250000
1759176105.7994046,1020.2,1020.3,1020.250000
1759176106.685787,1020.2,1020.3,1020.250000
1759176106.9628446,1020.2,1020.3,1020.250000
1759176107.2182,1020.2,1020.3,1020.250000
1759176107.4724681,1020.2,1020.3,1020.250000
1759176107.7354698,1020.2,1020.3,1020.250000
1759176108.346764,1020.2,1020.3,1020.250000
1759176108.5963044,1020.2,1020.3,1020.250000
1759176109.1142766,1020.2,1020.3,1020.250000
1759176109.4224498,1020.2,1020.3,1020.250000
1759176109.694796,1020.2,1020.3,1020.250000
1759176110.220287,1020.2,1020.3,1020.250000
1759176110.8805838,1020.2,1020.3,1020.250000
1759176111.1521764,1020.2,1020.3,1020.250000
1759176111.9047744,1020.2,1020.3,1020.250000
1759176112.1988888,1020.1,1020.2,1020.150000
1759176112.4758503,1020.1,1020.2,1020.150000
1759176112.7328892,1020.1,1020.2,1020.150000
1759176112.9863844,1020.1,1020.2,1020.150000
1759176113.374627,1020.1,1020.2,1020.150000
1759176114.0402756,1020.1,1020.2,1020.150000
1759176114.3202543,1019.6,1019.8,1019.700000
1759176114.5704942,1019.7,1019.8,1019.750000
1759176114.8228571,1019.8,1019.9,1019.850000
1759176115.103272,1019.8,1019.9,1019.850000
1759176115.3533697,1019.8,1019.9,1019.850000
1759176115.6130998,1019.8,1020.0,1019.900000
1759176115.8648372,1019.8,1020.0,1019.900000
1759176116.1206698,1019.8,1019.9,1019.850000
1759176116.660473,1019.8,1019.9,1019.850000
1759176117.0745094,1019.8,1019.9,1019.850000
1759176117.331544,1019.8,1019.9,1019.850000
1759176117.6972544,1019.8,1019.9,1019.850000
1759176117.9603374,1019.8,1019.9,1019.850000
1759176118.425792,1019.8,1019.9,1019.850000
1759176118.7097523,1019.8,1020.0,1019.900000
1759176119.1898372,1019.8,1019.9,1019.850000
1759176120.2971473,1019.8,1019.9,1019.850000
1759176120.836208,1019.8,1019.9,1019.850000
1759176121.174327,1019.8,1019.9,1019.850000
1759176121.4474628,1019.8,1019.9,1019.850000
1759176122.1286976,1019.8,1019.9,1019.850000
1759176122.4158952,1019.8,1019.9,1019.850000
1759176122.6837883,1019.8,1019.9,1019.850000
1759176123.3310513,1019.8,1019.9,1019.850000
1759176123.8623095,1019.8,1019.9,1019.850000
1759176124.5268123,1019.8,1019.9,1019.850000
1759176125.4605289,1019.8,1019.9,1019.850000
1759176125.7684207,1019.8,1019.9,1019.850000
1759176126.9420087,1019.8,1019.9,1019.850000
1759176127.228641,1019.8,1019.9,1019.850000
1759176127.6062152,1019.8,1019.9,1019.850000
1759176127.9869115,1019.8,1019.9,1019.850000
1759176129.0397446,1019.7,1019.9,1019.800000
1759176129.3168268,1019.8,1019.9,1019.850000
1759176129.5522134,1019.8,1019.9,1019.850000
1759176131.453482,1019.8,1019.9,1019.850000
1759176132.1567411,1019.8,1019.9,1019.850000
1759176132.537676,1019.8,1019.9,1019.850000
1759176133.0372672,1019.8,1019.9,1019.850000
1759176133.3279974,1019.8,1019.9,1019.850000
1759176133.5992417,1019.8,1019.9,1019.850000
1759176133.8884032,1019.8,1019.9,1019.850000
1759176134.143448,1019.8,1019.9,1019.850000
1759176134.8756275,1019.8,1019.9,1019.850000
1759176135.1267123,1019.8,1019.9,1019.850000
1759176135.615552,1019.8,1019.9,1019.850000
1759176135.999374,1019.8,1019.9,1019.850000
1759176136.3860466,1019.8,1019.9,1019.850000
1759176137.1420422,1019.8,1019.9,1019.850000
1759176137.4513507,1019.8,1019.9,1019.850000
1759176137.714493,1019.8,1019.9,1019.850000
1759176138.0410743,1019.8,1019.9,1019.850000
1759176139.3072097,1019.8,1019.9,1019.850000
1759176139.596019,1019.8,1019.9,1019.850000
1759176139.8652618,1019.8,1019.9,1019.850000
1759176140.1705072,1019.8,1019.9,1019.850000
1759176140.563856,1019.8,1019.9,1019.850000
1759176140.8569257,1019.8,1019.9,1019.850000
1759176141.3875787,1019.8,1019.9,1019.850000
1759176141.7057438,1019.8,1019.9,1019.850000
1759176141.9577973,1019.8,1019.9,1019.850000
1759176142.2146077,1019.6,1019.7,1019.650000
1759176142.4651637,1019.6,1019.7,1019.650000
1759176142.7283468,1019.6,1019.7,1019.650000
1759176143.0347724,1019.6,1019.7,1019.650000
1759176143.3229253,1019.6,1019.7,1019.650000
1759176143.604169,1019.6,1019.7,1019.650000
1759176144.0796762,1019.6,1019.7,1019.650000
1759176144.3483083,1019.6,1019.7,1019.650000
1759176145.0392425,1019.6,1019.7,1019.650000
1759176145.3034728,1019.6,1019.7,1019.650000
1759176145.6839309,1019.6,1019.7,1019.650000
1759176145.9367263,1019.6,1019.7,1019.650000
1759176146.2779539,1019.6,1019.7,1019.650000
1759176146.5478394,1019.7,1019.8,1019.750000
1759176146.7986465,1019.7,1019.8,1019.750000
1759176147.1734838,1019.7,1019.8,1019.750000
1759176147.4250953,1019.7,1019.8,1019.750000
1759176147.6865804,1019.8,1019.9,1019.850000
1759176147.9709642,1019.8,1019.9,1019.850000
1759176148.3177276,1019.8,1019.9,1019.850000
1759176148.6573699,1019.8,1019.9,1019.850000
1759176148.9776094,1019.8,1019.9,1019.850000
1759176149.2657557,1019.8,1019.9,1019.850000
1759176149.5640936,1019.8,1019.9,1019.850000
1759176149.8440778,1019.8,1019.9,1019.850000
1759176150.095768,1019.8,1019.9,1019.850000
1759176150.3799076,1019.8,1019.9,1019.850000
1759176150.975171,1019.8,1019.9,1019.850000
1759176151.6870263,1019.8,1019.9,1019.850000
1759176152.1307068,1019.8,1019.9,1019.850000
1759176153.1756213,1019.8,1019.9,1019.850000
1759176153.4431598,1019.8,1019.9,1019.850000
1759176154.052427,1019.8,1019.9,1019.850000
1759176154.5752785,1019.8,1019.9,1019.850000
1759176155.20961,1019.8,1020.0,1019.900000
1759176155.473286,1019.9,1020.0,1019.950000
1759176155.7375364,1019.9,1020.0,1019.950000
1759176155.992513,1019.9,1020.0,1019.950000
1759176157.789453,1019.8,1020.0,1019.900000
1759176158.0707495,1019.8,1019.9,1019.850000
1759176158.3419018,1019.8,1019.9,1019.850000
1759176159.2545125,1019.8,1020.0,1019.900000
1759176159.5243104,1019.8,1020.0,1019.900000
1759176159.992725,1019.8,1020.0,1019.900000
1759176160.2406259,1019.9,1020.0,1019.950000
1759176160.829529,1019.9,1020.0,1019.950000
1759176161.0928023,1019.9,1020.0,1019.950000
1759176161.4585946,1019.9,1020.0,1019.950000
1759176161.9774182,1019.9,1020.0,1019.950000
1759176162.2528782,1019.9,1020.0,1019.950000
1759176162.5022116,1019.9,1020.0,1019.950000
1759176163.1922188,1019.9,1020.1,1020.000000
1759176163.4462867,1019.9,1020.1,1020.000000
1759176164.2034786,1020.0,1020.1,1020.050000
1759176164.4773805,1020.0,1020.1,1020.050000
1759176165.3716776,1020.0,1020.1,1020.050000
1759176165.9075022,1020.0,1020.1,1020.050000
1759176166.188934,1020.0,1020.1,1020.050000
1759176166.5878727,1020.0,1020.1,1020.050000
1759176166.8490252,1020.0,1020.2,1020.100000
1759176167.1133223,1020.1,1020.2,1020.150000
1759176168.0629513,1020.1,1020.2,1020.150000
1759176168.3132899,1020.1,1020.2,1020.150000
1759176169.0614321,1020.1,1020.2,1020.150000
1759176169.4184136,1020.1,1020.2,1020.150000
1759176170.0979605,1020.1,1020.2,1020.150000
1759176170.3489678,1020.1,1020.2,1020.150000
1759176170.6159089,1020.1,1020.2,1020.150000
1759176170.967894,1020.1,1020.2,1020.150000
1759176171.2296457,1020.1,1020.2,1020.150000
1759176171.5561187,1020.1,1020.3,1020.200000
1759176171.8115146,1020.1,1020.3,1020.200000
1759176172.0731637,1020.1,1020.3,1020.200000
1759176172.3213751,1020.2,1020.3,1020.250000
1759176172.5929334,1020.2,1020.3,1020.250000
1759176172.8763392,1020.2,1020.3,1020.250000
1759176173.169921,1020.2,1020.3,1020.250000
1759176173.780573,1020.2,1020.3,1020.250000
1759176174.2144623,1020.2,1020.3,1020.250000
1759176174.4480872,1020.2,1020.3,1020.250000
1759176175.1709266,1020.2,1020.3,1020.250000
1759176175.4650443,1020.2,1020.3,1020.250000
1759176175.8785493,1020.2,1020.3,1020.250000
1759176176.1340747,1020.2,1020.3,1020.250000
1759176176.3982806,1020.2,1020.3,1020.250000
1759176176.6922996,1020.2,1020.3,1020.250000
1759176176.9891424,1020.2,1020.3,1020.250000
1759176177.266348,1020.2,1020.4,1020.300000
1759176177.5163693,1020.2,1020.4,1020.300000
1759176177.9943714,1020.3,1020.4,1020.350000
