id,unix_timestamp_ms,side,price,quantity
278329,1759175445266,sell,0.999200,6.000000
278330,1759175451610,sell,0.999200,7.000000
278331,1759175454496,buy,0.999500,9.000000
278332,1759175461595,buy,0.999500,29.000000
278333,1759175461936,buy,0.999500,11.000000
278334,1759175462017,buy,0.999500,9.000000
278335,1759175462874,buy,0.999500,8.000000
278336,1759175463193,buy,0.999500,7.000000
278337,1759175463502,buy,0.999500,6.000000
278338,1759175464526,sell,0.999200,20.000000
278339,1759175465168,buy,0.999500,6.000000
278340,1759175466474,buy,0.999500,29.000000
278341,1759175467900,sell,0.999200,9.000000
278342,1759175470161,sell,0.999200,29.000000
278343,1759175473680,buy,0.999500,29.000000
278344,1759175475377,sell,0.999200,11.000000
278345,1759175475944,sell,0.999200,6.000000
278346,1759175477179,sell,0.999200,29.000000
278347,1759175480640,sell,0.999300,9.000000
278348,1759175482938,buy,0.999500,29.000000
278349,1759175485584,sell,0.999300,29.000000
278350,1759175489803,buy,0.999500,29.000000
278351,1759175491343,sell,0.999300,6.000000
278352,1759175494105,sell,0.999300,29.000000
278353,1759175494811,sell,0.999300,7.000000
278354,1759175495500,buy,0.999500,6.000000
278355,1759175498028,buy,0.999500,29.000000
278356,1759175500541,buy,0.999500,6.000000
278357,1759175502464,sell,0.999300,29.000000
278358,1759175502502,buy,0.999500,28.000000
278359,1759175502725,sell,0.999300,6.000000
278360,1759175506247,sell,0.999400,6.000000
278361,1759175506827,buy,0.999500,29.000000
278362,1759175509420,sell,0.999400,29.000000
278363,1759175510565,buy,0.999500,9.000000
278364,1759175514509,buy,0.999500,9.000000
278365,1759175515192,buy,0.999500,29.000000
278366,1759175517279,sell,0.999400,29.000000
278367,1759175519450,buy,0.999500,1081.000000
278368,1759175520819,sell,0.999400,28.000000
278369,1759175521627,buy,0.999500,6.000000
278370,1759175521792,buy,0.999500,29.000000
278371,1759175522366,buy,0.999500,6.000000
278372,1759175522889,buy,0.999500,17.000000
278373,1759175524161,sell,0.999400,29.000000
278374,1759175524334,buy,0.999500,9.000000
278375,1759175524628,buy,0.999500,8.000000
278376,1759175525542,buy,0.999500,6.000000
278377,1759175525558,sell,0.999400,579.000000
278378,1759175526171,sell,0.999300,9.000000
278379,1759175526652,buy,0.999400,7.000000
278380,1759175526804,sell,0.999300,6.000000
278381,1759175528828,sell,0.999300,6.000000
278382,1759175529499,buy,0.999400,29.000000
278383,1759175529720,sell,0.999300,9.000000
278384,1759175531558,sell,0.999300,8.000000
278385,1759175534580,sell,0.999300,6.000000
278386,1759175537424,sell,0.999300,7.000000
278387,1759175540548,buy,0.999400,6.000000
278388,1759175543580,sell,0.999300,29.000000
278389,1759175543898,sell,0.999300,6.000000
278390,1759175545224,sell,0.999300,6.000000
278391,1759175546158,buy,0.999400,9.000000
278392,1759175549446,buy,0.999400,29.000000
278393,1759175550229,sell,0.999300,17.000000
278394,1759175550543,buy,0.999400,6.000000
278395,1759175551005,sell,0.999300,9.000000
278396,1759175551246,sell,0.999300,8.000000
278397,1759175551704,sell,0.999300,29.000000
278398,1759175555485,buy,0.999400,6.000000
278399,1759175555539,buy,0.999400,29.000000
278400,1759175557869,sell,0.999300,29.000000
278401,1759175558202,sell,0.999300,6.000000
278402,1759175561081,buy,0.999400,6.000000
278403,1759175564346,buy,0.999400,29.000000
278404,1759175566795,sell,0.999300,6.000000
278405,1759175566816,sell,0.999300,29.000000
278406,1759175568254,sell,0.999300,6.000000
278407,1759175570565,buy,0.999400,9.000000
278408,1759175570790,buy,0.999400,29.000000
278409,1759175571306,sell,0.999300,9.000000
278410,1759175571310,sell,0.999300,9.000000
278411,1759175574482,buy,0.999400,9.000000
278412,1759175582795,buy,0.999400,8.000000
278413,1759175587005,sell,0.999300,9.000000
278414,1759175588576,sell,0.999300,29.000000
278415,1759175591900,buy,0.999400,15.000000
278416,1759175591900,buy,0.999400,14.000000
278417,1759175592479,sell,0.999300,9.000000
278418,1759175594190,sell,0.999300,29.000000
278419,1759175598568,buy,0.999400,29.000000
278420,1759175600526,buy,0.999400,6.000000
278421,1759175600896,sell,0.999300,29.000000
278422,1759175604501,buy,0.999400,29.000000
278423,1759175606225,sell,0.999300,6.000000
278424,1759175606505,sell,0.999300,29.000000
278425,1759175610385,buy,0.999400,29.000000
278426,1759175612265,sell,0.999300,29.000000
278427,1759175615520,buy,0.999400,6.000000
278428,1759175615834,buy,0.999400,29.000000
227118,1759175622190,buy,0.999400,29.000000
227119,1759175624506,sell,0.999300,29.000000
227120,1759175625260,sell,0.999300,6.000000
227121,1759175628164,buy,0.999400,29.000000
227122,1759175630174,sell,0.999300,29.000000
227123,1759175633930,buy,0.999400,29.000000
227124,1759175634502,buy,0.999400,9.000000
227125,1759175635721,sell,0.999300,29.000000
227126,1759175642513,buy,0.999400,11.000000
227127,1759175644751,sell,0.999300,9.000000
227128,1759175648143,sell,0.999300,8.000000
227129,1759175649697,sell,0.999300,9.000000
227130,1759175660516,buy,0.999400,6.000000
227131,1759175665186,sell,0.999300,6.000000
227132,1759175665524,buy,0.999400,9.000000
227133,1759175668767,sell,0.999300,11.000000
227134,1759175670563,buy,0.999400,6.000000
227135,1759175680511,buy,0.999400,6.000000
227136,1759175688344,sell,0.999300,6.000000
227137,1759175690580,buy,0.999400,9.000000
227138,1759175691335,sell,0.999300,9.000000
227139,1759175694492,buy,0.999400,9.000000
227140,1759175696206,sell,0.999300,6.000000
227141,1759175702282,buy,0.999400,8.000000
227142,1759175702506,buy,0.999400,9.000000
227143,1759175704090,buy,0.999400,6.000000
227144,1759175705628,buy,0.999400,8.000000
227145,1759175720508,buy,0.999400,6.000000
227146,1759175720599,sell,0.999300,9.000000
227147,1759175721313,sell,0.999300,9.000000
227148,1759175726182,sell,0.999300,6.000000
227149,1759175726862,sell,0.999300,9.000000
227150,1759175730345,sell,0.999300,8.000000
227151,1759175730595,buy,0.999400,6.000000
227152,1759175735530,buy,0.999400,6.000000
227153,1759175742204,sell,0.999300,6.000000
227154,1759175746956,buy,0.999400,29.000000
227155,1759175749612,sell,0.999300,29.000000
227156,1759175753686,buy,0.999400,29.000000
227157,1759175754492,buy,0.999400,9.000000
227158,1759175755602,sell,0.999300,29.000000
227159,1759175759774,buy,0.999400,29.000000
227160,1759175761124,buy,0.999400,17.000000
227161,1759175762079,sell,0.999300,29.000000
227162,1759175764659,buy,0.999400,9.000000
227163,1759175765367,buy,0.999400,6.000000
227164,1759175765933,sell,0.999300,6.000000
227165,1759175766470,buy,0.999400,29.000000
227166,1759175767714,sell,0.999300,8.000000
227167,1759175768098,sell,0.999300,6.000000
227168,1759175768920,sell,0.999300,29.000000
227169,1759175769680,sell,0.999300,9.000000
227170,1759175773019,buy,0.999400,29.000000
227171,1759175774937,sell,0.999300,29.000000
227172,1759175779297,buy,0.999400,29.000000
227173,1759175781217,sell,0.999300,29.000000
227174,1759175784998,buy,0.999400,29.000000
227175,1759175786876,sell,0.999300,29.000000
227176,1759175787419,sell,0.999300,17.000000
227177,1759175789433,sell,0.999300,9.000000
227178,1759175789997,buy,0.999400,1640.000000
227179,1759175795520,buy,0.999400,6.000000
227180,1759175798254,sell,0.999300,6.000000
227181,1759175803051,sell,0.999300,1640.000000
227182,1759175811333,buy,0.999400,1608.000000
227183,1759175814479,buy,0.999400,9.000000
227184,1759175820166,sell,0.999300,1608.000000
227185,1759175822021,buy,0.999400,8.000000
227186,1759175822987,buy,0.999400,7.000000
227187,1759175828411,buy,0.999400,1576.000000
227188,1759175836046,buy,0.999400,29.000000
227189,1759175838555,sell,0.999300,1576.000000
227190,1759175838970,sell,0.999300,29.000000
227191,1759175840576,sell,0.999300,9.000000
227192,1759175843646,buy,0.999400,29.000000
227193,1759175844249,buy,0.999400,1546.000000
227194,1759175845574,sell,0.999300,29.000000
227195,1759175849815,sell,0.999300,1546.000000
227196,1759175849934,buy,0.999400,29.000000
227197,1759175852060,sell,0.999300,29.000000
227198,1759175854750,buy,0.999400,1516.000000
227199,1759175855968,buy,0.999400,29.000000
227200,1759175858033,sell,0.999300,29.000000
227201,1759175862172,sell,0.999300,1516.000000
227202,1759175863167,buy,0.999400,29.000000
227203,1759175865177,sell,0.999300,29.000000
227204,1759175868844,buy,0.999400,29.000000
227205,1759175870621,sell,0.999300,36.000000
227206,1759175871314,sell,0.999300,9.000000
227207,1759175874441,buy,0.999400,38.000000
227208,1759175876296,sell,0.999300,29.000000
227209,1759175879806,buy,0.999400,29.000000
227210,1759175881102,buy,0.999400,7.000000
227211,1759175881625,buy,0.999400,6.000000
227212,1759175881748,sell,0.999300,29.000000
227213,1759175884939,buy,0.999400,29.000000
227214,1759175887074,sell,0.999300,29.000000
227215,1759175889020,sell,0.999300,6.000000
227216,1759175889706,sell,0.999300,9.000000
227217,1759175891490,buy,0.999400,29.000000
227218,1759175893384,sell,0.999300,29.000000
227219,1759175896911,buy,0.999400,29.000000
227220,1759175898661,sell,0.999300,29.000000
227221,1759175899731,sell,0.999300,8.000000
227222,1759175901072,buy,0.999400,6.000000
227223,1759175902441,buy,0.999400,29.000000
227224,1759175904398,sell,0.999300,29.000000
227225,1759175906134,buy,0.999400,9.000000
227226,1759175913494,sell,0.999300,7.000000
227227,1759175915505,buy,0.999400,6.000000
227228,1759175916737,sell,0.999300,6.000000
227229,1759175920547,buy,0.999400,6.000000
227230,1759175926263,sell,0.999300,6.000000
227231,1759175926372,sell,0.999300,6.000000
227232,1759175930583,buy,0.999400,9.000000
227233,1759175931315,sell,0.999300,9.000000
227234,1759175935047,buy,0.999400,9.000000
227235,1759175941281,buy,0.999400,8.000000
227236,1759175941389,buy,0.999400,8.000000
227237,1759175945111,buy,0.999400,6.000000
227238,1759175945591,sell,0.999300,6.000000
227239,1759175946711,buy,0.999400,1470.000000
227240,1759175950239,sell,0.999300,9.000000
227241,1759175952174,sell,0.999300,6.000000
227242,1759175952527,buy,0.999400,29.000000
227243,1759175955193,sell,0.999300,1470.000000
227244,1759175955742,sell,0.999300,29.000000
227245,1759175959436,buy,0.999400,29.000000
227246,1759175960508,buy,0.999400,6.000000
227247,1759175961366,sell,0.999300,29.000000
227248,1759175965491,buy,0.999400,9.000000
227249,1759175966180,sell,0.999300,6.000000
227250,1759175968562,sell,0.999300,8.000000
227251,1759175970546,buy,0.999400,6.000000
227252,1759175973762,sell,0.999300,1081.000000
227253,1759175975492,buy,0.999400,6.000000
227254,1759175983239,buy,0.999400,25.000000
227255,1759175985209,sell,0.999300,6.000000
227256,1759175986155,buy,0.999400,1441.000000
227257,1759175991119,buy,0.999400,9.000000
227258,1759175991363,sell,0.999300,25.000000
227259,1759175994495,buy,0.999400,9.000000
227260,1759176002422,buy,0.999400,8.000000
227261,1759176005768,buy,0.999400,15.000000
227262,1759176008702,sell,0.999300,8.000000
227263,1759176015145,sell,0.999300,1441.000000
227264,1759176016624,sell,0.999300,6.000000
227265,1759176019303,sell,0.999300,8.000000
227266,1759176020509,buy,0.999400,6.000000
227267,1759176021139,sell,0.999300,9.000000
227268,1759176021545,buy,0.999400,1443.000000
227269,1759176023096,buy,0.999400,6.000000
227270,1759176025755,sell,0.999300,6.000000
227271,1759176026233,sell,0.999300,15.000000
227272,1759176029392,sell,0.999300,1443.000000
227273,1759176030543,buy,0.999400,6.000000
227274,1759176031333,sell,0.999300,6.000000
227275,1759176033675,buy,0.999400,1400.000000
227276,1759176035553,buy,0.999400,6.000000
227277,1759176037793,buy,0.999400,6.000000
227278,1759176040437,sell,0.999300,1406.000000
227279,1759176040626,buy,0.999400,6.000000
227280,1759176042356,sell,0.999300,6.000000
227281,1759176042522,buy,0.999400,28.000000
227282,1759176044789,buy,0.999400,1358.000000
227283,1759176045329,sell,0.999300,6.000000
227284,1759176049767,sell,0.999300,1358.000000
227285,1759176052247,buy,0.999400,29.000000
227286,1759176054192,buy,0.999400,813.000000
227287,1759176054484,buy,0.999500,9.000000
227288,1759176055102,sell,0.999400,29.000000
227289,1759176061325,buy,0.999500,20.000000
227290,1759176061739,sell,0.999400,490.000000
227291,1759176061739,sell,0.999300,352.000000
227292,1759176063836,buy,0.999500,29.000000
227293,1759176064805,sell,0.999300,24.000000
227294,1759176068548,sell,0.999300,28.000000
227295,1759176068562,buy,0.999500,9.000000
227296,1759176070608,sell,0.999300,29.000000
227297,1759176070855,sell,0.999300,490.000000
227298,1759176072482,sell,0.999300,9.000000
227299,1759176074745,buy,0.999500,29.000000
227300,1759176075701,sell,0.999300,29.000000
227301,1759176076743,sell,0.999400,49.000000
227302,1759176081434,buy,0.999500,29.000000
227303,1759176084271,sell,0.999400,29.000000
227304,1759176085314,sell,0.999400,29.000000
227305,1759176086904,sell,0.999400,9.000000
227306,1759176088621,buy,0.999500,29.000000
227307,1759176090554,buy,0.999500,6.000000
227308,1759176090900,sell,0.999400,29.000000
227309,1759176093339,sell,0.999400,9.000000
227310,1759176094996,buy,0.999500,29.000000
227311,1759176095543,buy,0.999500,6.000000
227312,1759176097079,sell,0.999400,29.000000
227313,1759176098303,sell,0.999400,6.000000
227314,1759176101118,buy,0.999500,29.000000
227315,1759176102435,sell,0.999400,29.000000
227316,1759176102532,buy,0.999500,28.000000
227317,1759176103690,sell,0.999400,29.000000
227318,1759176105600,sell,0.999400,218.000000
227319,1759176107629,buy,0.999500,29.000000
227320,1759176109556,sell,0.999400,29.000000
227321,1759176110627,buy,0.999500,9.000000
227322,1759176111331,sell,0.999400,9.000000
227323,1759176112539,sell,0.999400,29.000000
227324,1759176114151,sell,0.999400,771.000000
227325,1759176114492,buy,0.999400,9.000000
227326,1759176121513,buy,0.999400,47.000000
227327,1759176122322,buy,0.999400,7.000000
227328,1759176124499,sell,0.999300,29.000000
227329,1759176127282,sell,0.999300,28.000000
227330,1759176127872,sell,0.999300,9.000000
227331,1759176130708,buy,0.999400,29.000000
227332,1759176132903,sell,0.999300,29.000000
227333,1759176138317,buy,0.999400,29.000000
227334,1759176139905,sell,0.999300,1085.000000
227335,1759176141131,sell,0.999300,47.000000
227336,1759176145635,buy,0.999400,29.000000
227337,1759176149645,buy,0.999400,1308.000000
227338,1759176154194,sell,0.999300,29.000000
227339,1759176155546,buy,0.999400,6.000000
227340,1759176156238,sell,0.999300,1308.000000
227341,1759176160562,buy,0.999400,6.000000
227342,1759176160924,buy,0.999400,60.000000
227343,1759176162226,sell,0.999400,6.000000
227344,1759176162517,buy,0.999500,28.000000
227345,1759176172177,buy,0.999500,29.000000
227346,1759176173843,sell,0.999400,7.000000
227347,1759176174473,sell,0.999400,29.000000
227348,1759176174555,buy,0.999500,9.000000
227349,1759176177306,sell,0.999400,28.000000
