id,unix_timestamp_ms,side,price,quantity
7983094,1759175572420,buy,1019.800000,0.510000
7983095,1759175572421,buy,1019.800000,0.030000
7983096,1759175572421,buy,1019.800000,0.540000
7983097,1759175572421,buy,1019.800000,0.020000
7983098,1759175572421,buy,1019.800000,0.410000
7983099,1759175572427,buy,1019.800000,1.110000
7983100,1759175573135,buy,1019.900000,0.540000
7983101,1759175573135,buy,1019.900000,0.540000
7983102,1759175573135,buy,1019.900000,0.440000
7983103,1759175573309,sell,1019.850000,0.570000
7983104,1759175574655,buy,1019.850000,2.420000
7983105,1759175577547,buy,1019.900000,0.100000
7983106,1759175577547,buy,1019.900000,0.200000
7983107,1759175577547,buy,1019.900000,0.060000
7983108,1759175577614,buy,1019.900000,0.980000
7983109,1759175577814,buy,1019.900000,0.060000
7983110,1759175578149,buy,1019.900000,0.410000
7983111,1759175578644,buy,1019.900000,0.980000
7983112,1759175578776,buy,1019.900000,1.000000
7983113,1759175578819,sell,1019.890000,1.680000
7983114,1759175579020,buy,1019.900000,1.000000
7983115,1759175579044,buy,1019.900000,1.000000
7983116,1759175579057,buy,1019.900000,1.000000
7983117,1759175579076,buy,1019.900000,0.050000
7983118,1759175579077,buy,1019.900000,0.050000
7983119,1759175579078,buy,1019.900000,0.050000
7983120,1759175579104,buy,1019.900000,1.000000
7983121,1759175579105,buy,1019.900000,1.000000
7983122,1759175579116,buy,1019.900000,1.000000
7983123,1759175579116,buy,1019.900000,0.120000
7983124,1759175579116,buy,1019.900000,0.080000
7983125,1759175579116,buy,1020.000000,1.000000
7983126,1759175579116,buy,1020.000000,0.070000
7983127,1759175579116,buy,1020.000000,0.050000
7983128,1759175579116,buy,1020.000000,0.040000
7983129,1759175579116,buy,1020.000000,1.040000
7983130,1759175579150,buy,1020.000000,0.460000
7983131,1759175579150,buy,1020.000000,0.740000
7983132,1759175579150,buy,1020.000000,0.760000
7983133,1759175579150,buy,1020.000000,0.440000
7983134,1759175579152,buy,1020.000000,0.100000
7983135,1759175579152,buy,1020.000000,0.090000
7983136,1759175579152,buy,1020.000000,1.010000
7983137,1759175579165,buy,1020.000000,0.510000
7983138,1759175579165,buy,1020.000000,0.080000
7983139,1759175579645,buy,1020.100000,0.020000
7983140,1759175579645,buy,1020.100000,0.040000
7983141,1759175579645,buy,1020.100000,0.920000
7983142,1759175579645,buy,1020.100000,0.090000
7983143,1759175579675,sell,1020.000000,0.090000
7983144,1759175579675,sell,1020.000000,0.090000
7983145,1759175579675,sell,1020.000000,0.090000
7983146,1759175579675,sell,1020.000000,0.090000
7983147,1759175579675,sell,1020.000000,0.090000
7983148,1759175579675,sell,1020.000000,0.090000
7983149,1759175579675,sell,1020.000000,0.090000
7983150,1759175579675,sell,1020.000000,0.090000
7983151,1759175579675,sell,1020.000000,0.010000
7983152,1759175579966,buy,1020.100000,0.070000
7983153,1759175579966,buy,1020.100000,1.080000
7983154,1759175579966,buy,1020.100000,0.370000
7983155,1759175580647,buy,1020.100000,0.980000
7983156,1759175582318,sell,1020.050000,0.650000
7983157,1759175583560,buy,1020.016000,3.080000
7983158,1759175586904,sell,1020.030000,1.760000
7983159,1759175590920,sell,1020.027000,2.470000
7983160,1759175591207,sell,1020.000000,0.200000
7983161,1759175591207,sell,1020.000000,0.790000
7983162,1759175591220,sell,1020.000000,0.710000
7983163,1759175591701,sell,1020.000000,1.190000
7983164,1759175591769,sell,1020.000000,0.310000
7983165,1759175591803,sell,1019.900000,0.540000
7983166,1759175591839,sell,1019.800000,0.060000
7983167,1759175592416,sell,1019.900000,1.000000
7983168,1759175592544,sell,1019.900000,0.500000
7983169,1759175592544,sell,1019.800000,0.020000
7983170,1759175592544,sell,1019.800000,0.480000
7983171,1759175592760,sell,1019.800000,0.060000
7983172,1759175592760,sell,1019.800000,0.020000
7983173,1759175592760,sell,1019.800000,0.010000
7983174,1759175592956,sell,1019.800000,0.020000
7983175,1759175593895,buy,1019.950000,3.070000
7983176,1759175594073,buy,1020.000000,0.980000
7983177,1759175594694,buy,1020.000000,0.500000
7983178,1759175595109,buy,1020.000000,0.730000
7983179,1759175595109,buy,1020.000000,0.250000
7983180,1759175597707,sell,1019.950000,2.450000
7983181,1759175598733,sell,1019.800000,0.010000
7983182,1759175598733,sell,1019.800000,0.080000
7983183,1759175600073,sell,1019.800000,0.390000
7983184,1759175601850,buy,1019.850000,0.680000
7983185,1759175602956,buy,1019.850000,4.100000
7983186,1759175607065,sell,1019.800000,2.020000
7983187,1759175607991,sell,1019.800000,0.070000
7983188,1759175607991,sell,1019.800000,0.210000
7983189,1759175610236,buy,1019.900000,0.050000
7983190,1759175610365,sell,1019.800000,1.390000
7983191,1759175613812,sell,1019.800000,2.750000
7983192,1759175613938,buy,1019.900000,0.090000
7983193,1759175615530,sell,1019.800000,0.040000
4847185,1759175621894,buy,1019.900000,0.980000
4847186,1759175622078,buy,1019.850000,0.500000
4847187,1759175622918,buy,1019.900000,0.180000
4847188,1759175623177,buy,1019.950000,2.010000
4847189,1759175624989,buy,1020.000000,2.330000
4847190,1759175624989,buy,1020.100000,5.230000
4847191,1759175625601,sell,1020.000000,0.010000
4847192,1759175625601,sell,1019.900000,0.090000
4847193,1759175625711,sell,1019.900000,0.910000
4847194,1759175626150,sell,1020.050000,3.020000
4847195,1759175630885,buy,1020.050000,1.810000
4847196,1759175633397,buy,1020.100000,0.980000
4847197,1759175634357,sell,1020.050000,1.370000
4847198,1759175634437,buy,1020.100000,1.080000
4847199,1759175635469,buy,1020.100000,0.980000
4847200,1759175636475,buy,1020.100000,0.680000
4847201,1759175637492,buy,1020.200000,1.980000
4847202,1759175638532,buy,1020.200000,0.980000
4847203,1759175639111,buy,1020.150000,0.850000
4847204,1759175639177,sell,1020.100000,0.090000
4847205,1759175639567,buy,1020.200000,0.980000
4847206,1759175639596,sell,1020.100000,0.130000
4847207,1759175640055,buy,1020.200000,0.100000
4847208,1759175640604,buy,1020.200000,0.980000
4847209,1759175641609,buy,1020.200000,0.980000
4847210,1759175642650,buy,1020.200000,0.980000
4847211,1759175642731,sell,1020.150000,0.760000
4847212,1759175644427,buy,1020.200000,0.400000
4847213,1759175645770,buy,1020.200000,2.340000
4847214,1759175646602,buy,1020.200000,0.080000
4847215,1759175646602,buy,1020.300000,0.900000
4847216,1759175649763,sell,1020.250000,1.130000
4847217,1759175650313,buy,1020.300000,0.980000
4847218,1759175650792,buy,1020.300000,0.850000
4847219,1759175651126,buy,1020.300000,0.980000
4847220,1759175651735,buy,1020.300000,28.740000
4847221,1759175651735,buy,1020.400000,31.260000
4847222,1759175653854,sell,1020.350000,1.250000
4847223,1759175656933,buy,1020.350000,0.440000
4847224,1759175658390,sell,1020.350000,0.900000
4847225,1759175661679,buy,1020.350000,1.670000
4847226,1759175661977,buy,1020.500000,0.770000
4847227,1759175666333,sell,1020.450000,0.950000
4847228,1759175668423,buy,1020.500000,0.980000
4847229,1759175669017,buy,1020.500000,0.730000
4847230,1759175669017,sell,1020.400000,6.410000
4847231,1759175669455,buy,1020.500000,0.980000
4847232,1759175669607,sell,1020.450000,0.780000
4847233,1759175670325,sell,1020.400000,1.960000
4847234,1759175670452,sell,1020.400000,0.100000
4847235,1759175670615,buy,1020.500000,0.980000
4847236,1759175671226,buy,1020.450000,1.530000
4847237,1759175671720,buy,1020.500000,0.980000
4847238,1759175672760,buy,1020.500000,0.980000
4847239,1759175673960,buy,1020.500000,0.980000
4847240,1759175674963,sell,1020.450000,1.500000
4847241,1759175675032,buy,1020.500000,0.980000
4847242,1759175678126,buy,1020.500000,0.980000
4847243,1759175678245,buy,1020.436000,1.360000
4847244,1759175679146,buy,1020.500000,1.790000
4847245,1759175680002,buy,1020.500000,1.960000
4847246,1759175680112,buy,1020.500000,0.500000
4847247,1759175680323,buy,1020.500000,1.960000
4847248,1759175680660,buy,1020.500000,2.480000
4847249,1759175680998,buy,1020.500000,1.960000
4847250,1759175681246,buy,1020.500000,12.670000
4847251,1759175682080,buy,1020.600000,0.980000
4847252,1759175682264,sell,1020.500000,0.090000
4847253,1759175682371,sell,1020.538000,0.630000
4847254,1759175682571,sell,1020.500000,0.620000
4847255,1759175684782,sell,1020.550000,1.130000
4847256,1759175684999,buy,1020.600000,0.980000
4847257,1759175686591,buy,1020.600000,0.980000
4847258,1759175686991,buy,1020.600000,2.980000
4847259,1759175687591,buy,1020.600000,0.120000
4847260,1759175688199,buy,1020.693000,0.730000
4847261,1759175688531,buy,1020.700000,11.040000
4847262,1759175689164,buy,1020.700000,1.080000
4847263,1759175689627,buy,1020.700000,0.390000
4847264,1759175690703,buy,1020.700000,0.090000
4847265,1759175690872,sell,1020.700000,10.520000
4847266,1759175691064,sell,1020.700000,0.770000
4847267,1759175691661,buy,1020.691000,0.500000
4847268,1759175691744,buy,1020.700000,0.900000
4847269,1759175692750,buy,1020.700000,0.090000
4847270,1759175692813,buy,1020.800000,0.020000
4847271,1759175694073,sell,1020.750000,0.890000
4847272,1759175694514,sell,1020.700000,0.560000
4847273,1759175695982,buy,1020.700000,0.090000
4847274,1759175696152,buy,1020.605000,0.730000
4847275,1759175699187,buy,1020.650000,1.540000
4847276,1759175700380,sell,1020.600000,0.950000
4847277,1759175700382,sell,1020.500000,1.510000
4847278,1759175700581,sell,1020.500000,2.590000
4847279,1759175700689,sell,1020.500000,0.990000
4847280,1759175701615,sell,1020.400000,1.270000
4847281,1759175701673,sell,1020.300000,0.020000
4847282,1759175702081,sell,1020.400000,0.020000
4847283,1759175702081,sell,1020.300000,1.750000
4847284,1759175703462,buy,1020.400000,0.100000
4847285,1759175707470,sell,1020.250000,0.870000
4847286,1759175711751,sell,1020.250000,0.880000
4847287,1759175713006,sell,1020.200000,0.240000
4847288,1759175713966,buy,1020.250000,2.020000
4847289,1759175718546,sell,1020.250000,0.980000
4847290,1759175722265,buy,1020.300000,0.490000
4847291,1759175722827,sell,1020.200000,5.380000
4847292,1759175722886,sell,1020.100000,1.490000
4847293,1759175723100,sell,1020.000000,0.100000
4847294,1759175723493,sell,1020.050000,0.730000
4847295,1759175724957,sell,1020.000000,0.050000
4847296,1759175725009,sell,1020.050000,0.200000
4847297,1759175726064,buy,1020.050000,1.490000
4847298,1759175727936,sell,1020.000000,4.090000
4847299,1759175727936,sell,1019.900000,5.710000
4847300,1759175729293,buy,1020.000000,0.980000
4847301,1759175730318,buy,1020.100000,0.980000
4847302,1759175730739,buy,1020.100000,0.380000
4847303,1759175730877,sell,1020.150000,0.730000
4847304,1759175732391,buy,1020.200000,0.980000
4847305,1759175733401,buy,1020.200000,0.980000
4847306,1759175733642,sell,1020.150000,0.790000
4847307,1759175733822,buy,1020.200000,0.980000
4847308,1759175734437,buy,1020.200000,0.980000
4847309,1759175735451,buy,1020.200000,0.820000
4847310,1759175736457,buy,1020.250000,1.150000
4847311,1759175739730,sell,1020.250000,0.690000
4847312,1759175742102,sell,1020.250000,0.590000
4847313,1759175744212,buy,1020.250000,0.460000
4847314,1759175745842,sell,1020.200000,0.090000
4847315,1759175746958,sell,1020.200000,1.500000
4847316,1759175747547,sell,1020.050000,0.600000
4847317,1759175749285,buy,1020.010000,1.000000
4847318,1759175751670,sell,1020.070000,2.100000
4847319,1759175752895,buy,1020.100000,0.170000
4847320,1759175756208,buy,1020.191000,1.380000
4847321,1759175758195,buy,1020.200000,3.470000
4847322,1759175759371,sell,1020.100000,0.980000
4847323,1759175761323,sell,1020.100000,0.760000
4847324,1759175763152,sell,1020.154000,2.520000
4847325,1759175763224,sell,1020.100000,0.090000
4847326,1759175766745,sell,1020.150000,2.410000
4847327,1759175769374,buy,1020.200000,0.980000
4847328,1759175770153,buy,1020.200000,0.090000
4847329,1759175770374,buy,1020.200000,0.980000
4847330,1759175771091,buy,1020.148000,2.690000
4847331,1759175771384,buy,1020.200000,0.980000
4847332,1759175772315,buy,1020.200000,1.370000
4847333,1759175773917,sell,1020.200000,2.740000
4847334,1759175774041,sell,1020.248000,1.290000
4847335,1759175774209,buy,1020.300000,0.980000
4847336,1759175774335,sell,1020.200000,1.710000
4847337,1759175775216,buy,1020.300000,0.980000
4847338,1759175776223,buy,1020.300000,0.770000
4847339,1759175776351,buy,1020.400000,0.090000
4847340,1759175776822,buy,1020.400000,0.500000
4847341,1759175776963,buy,1020.400000,0.980000
4847342,1759175777024,buy,1020.350000,2.980000
4847343,1759175777071,buy,1020.400000,0.880000
4847344,1759175777261,buy,1020.500000,0.980000
4847345,1759175778278,buy,1020.500000,0.980000
4847346,1759175778392,buy,1020.500000,3.030000
4847347,1759175779299,buy,1020.500000,0.980000
4847348,1759175779578,buy,1020.500000,0.550000
4847349,1759175780016,sell,1020.550000,3.040000
4847350,1759175780318,buy,1020.600000,0.980000
4847351,1759175781320,buy,1020.600000,0.980000
4847352,1759175782337,buy,1020.600000,0.380000
4847353,1759175783938,buy,1020.625000,3.890000
4847354,1759175785441,buy,1020.700000,0.480000
4847355,1759175786224,sell,1020.600000,0.090000
4847356,1759175787532,sell,1020.643000,2.130000
4847357,1759175788320,sell,1020.600000,0.530000
4847358,1759175789617,sell,1020.600000,3.970000
4847359,1759175790085,sell,1020.600000,2.690000
4847360,1759175790912,sell,1020.600000,0.630000
4847361,1759175791609,sell,1020.600000,0.230000
4847362,1759175792195,buy,1020.700000,0.270000
4847363,1759175792282,sell,1020.600000,5.200000
4847364,1759175792463,buy,1020.700000,0.980000
4847365,1759175792805,sell,1020.600000,0.270000
4847366,1759175793404,buy,1020.700000,1.210000
4847367,1759175794164,buy,1020.650000,1.810000
4847368,1759175794486,buy,1020.700000,0.980000
4847369,1759175795504,buy,1020.700000,0.980000
4847370,1759175796384,sell,1020.603000,1.990000
4847371,1759175796520,buy,1020.700000,0.980000
4847372,1759175797536,buy,1020.700000,0.980000
4847373,1759175798316,buy,1020.650000,2.810000
4847374,1759175798561,buy,1020.700000,0.980000
4847375,1759175799575,buy,1020.700000,0.290000
4847376,1759175800709,sell,1020.708000,3.120000
4847377,1759175801145,buy,1020.800000,3.870000
4847378,1759175803375,buy,1020.720000,1.440000
4847379,1759175804806,buy,1020.723000,2.210000
4847380,1759175806791,sell,1020.715000,3.660000
4847381,1759175808299,sell,1020.700000,0.090000
4847382,1759175809713,buy,1020.750000,1.750000
4847383,1759175809889,sell,1020.700000,1.610000
4847384,1759175809889,sell,1020.500000,0.470000
4847385,1759175812044,sell,1020.537000,1.310000
4847386,1759175814940,buy,1020.500000,2.830000
4847387,1759175816164,sell,1020.500000,3.590000
4847388,1759175816164,sell,1020.400000,1.170000
4847389,1759175816164,sell,1020.300000,4.060000
4847390,1759175816807,sell,1020.300000,1.080000
4847391,1759175817822,sell,1020.300000,0.090000
4847392,1759175818771,sell,1020.350000,0.900000
4847393,1759175819133,sell,1020.300000,0.490000
4847394,1759175820020,sell,1020.387000,1.090000
4847395,1759175822286,buy,1020.400000,0.980000
4847396,1759175822313,buy,1020.350000,2.630000
4847397,1759175823284,buy,1020.400000,0.340000
4847398,1759175823878,buy,1020.500000,0.340000
4847399,1759175824047,sell,1020.400000,3.870000
4847400,1759175825028,sell,1020.414000,1.090000
4847401,1759175826376,sell,1020.417000,3.400000
4847402,1759175827550,buy,1020.500000,0.090000
4847403,1759175829604,buy,1020.500000,0.980000
4847404,1759175829618,buy,1020.480000,1.640000
4847405,1759175830640,buy,1020.600000,0.980000
4847406,1759175831041,buy,1020.600000,0.260000
4847407,1759175831679,buy,1020.600000,0.980000
4847408,1759175832604,buy,1020.600000,0.020000
4847409,1759175832604,buy,1020.700000,0.010000
4847410,1759175832893,buy,1020.650000,1.310000
4847411,1759175834858,sell,1020.619000,0.940000
4847412,1759175835344,buy,1020.700000,0.150000
4847413,1759175836294,buy,1020.682000,2.430000
4847414,1759175839846,sell,1020.697000,2.560000
4847415,1759175839945,buy,1020.700000,0.980000
4847416,1759175841002,buy,1020.700000,0.980000
4847417,1759175842023,buy,1020.700000,0.980000
4847418,1759175843054,buy,1020.700000,0.980000
4847419,1759175843590,buy,1020.676000,2.650000
4847420,1759175844084,buy,1020.700000,0.980000
4847421,1759175844546,buy,1020.700000,1.840000
4847422,1759175844546,buy,1020.800000,0.780000
4847423,1759175845128,buy,1020.800000,0.980000
4847424,1759175846164,buy,1020.800000,0.980000
4847425,1759175846789,sell,1020.755000,1.530000
4847426,1759175848999,sell,1020.771000,3.050000
4847427,1759175849544,buy,1020.800000,0.980000
4847428,1759175850567,buy,1020.800000,0.980000
4847429,1759175851351,buy,1020.750000,5.990000
4847430,1759175851604,buy,1020.800000,0.980000
4847431,1759175852606,buy,1020.800000,0.730000
4847432,1759175854593,sell,1020.800000,0.020000
4847433,1759175856227,sell,1020.896000,1.660000
4847434,1759175857571,sell,1020.800000,0.130000
4847435,1759175857793,sell,1020.850000,1.790000
4847436,1759175859097,sell,1020.850000,3.090000
4847437,1759175863283,buy,1020.850000,4.540000
4847438,1759175863655,buy,1020.900000,1.460000
4847439,1759175866443,buy,1020.900000,0.130000
4847440,1759175867344,sell,1020.850000,4.920000
4847441,1759175869912,buy,1020.900000,0.980000
4847442,1759175870915,buy,1020.900000,0.980000
4847443,1759175871325,buy,1020.850000,3.130000
4847444,1759175871871,buy,1020.900000,1.250000
4847445,1759175872017,buy,1020.900000,0.730000
4847446,1759175872017,buy,1021.000000,2.630000
4847447,1759175875209,buy,1020.950000,4.130000
4847448,1759175875904,buy,1021.000000,1.170000
4847449,1759175877612,buy,1021.000000,0.980000
4847450,1759175878672,buy,1021.000000,0.280000
4847451,1759175878777,buy,1021.000000,0.980000
4847452,1759175879858,buy,1021.000000,0.980000
4847453,1759175880015,sell,1020.950000,4.130000
4847454,1759175880753,buy,1021.000000,10.410000
4847455,1759175881066,buy,1021.100000,1.000000
4847456,1759175881167,buy,1021.100000,2.310000
4847457,1759175881404,buy,1021.100000,1.320000
4847458,1759175881901,buy,1021.200000,2.010000
4847459,1759175882353,buy,1021.200000,3.420000
4847460,1759175882353,buy,1021.300000,6.840000
4847461,1759175883175,buy,1021.300000,5.200000
4847462,1759175884019,buy,1021.300000,9.700000
4847463,1759175884278,sell,1021.200000,1.080000
4847464,1759175884401,buy,1021.300000,0.020000
4847465,1759175884629,buy,1021.250000,5.450000
4847466,1759175888514,buy,1021.300000,11.410000
4847467,1759175889273,sell,1021.300000,2.510000
4847468,1759175891172,buy,1021.400000,1.370000
4847469,1759175891776,sell,1021.300000,6.900000
4847470,1759175892819,sell,1021.400000,1.590000
4847471,1759175893033,buy,1021.400000,1.810000
4847472,1759175893429,sell,1021.300000,1.820000
4847473,1759175893429,sell,1021.200000,0.430000
4847474,1759175894262,sell,1021.390000,1.740000
4847475,1759175895501,buy,1021.384000,1.330000
4847476,1759175896692,sell,1021.385000,4.570000
4847477,1759175897778,buy,1021.400000,9.810000
4847478,1759175899937,sell,1021.300000,0.040000
4847479,1759175900182,sell,1021.200000,3.060000
4847480,1759175900422,sell,1021.100000,1.950000
4847481,1759175900824,sell,1021.000000,0.280000
4847482,1759175900916,sell,1021.100000,0.070000
4847483,1759175900935,sell,1021.000000,0.500000
4847484,1759175901517,buy,1021.100000,0.980000
4847485,1759175902013,sell,1021.000000,0.750000
4847486,1759175902773,buy,1021.100000,0.980000
4847487,1759175903289,buy,1021.200000,2.160000
4847488,1759175903808,buy,1021.300000,0.980000
4847489,1759175904689,buy,1021.233000,0.590000
4847490,1759175904823,buy,1021.300000,0.100000
4847491,1759175906097,buy,1021.350000,4.700000
4847492,1759175910195,sell,1021.300000,6.200000
4847493,1759175910376,buy,1021.400000,0.070000
4847494,1759175910542,sell,1021.376000,2.480000
4847495,1759175913326,sell,1021.200000,5.670000
4847496,1759175914298,buy,1021.250000,4.850000
4847497,1759175914510,buy,1021.300000,1.460000
4847498,1759175915656,buy,1021.300000,4.340000
4847499,1759175916316,buy,1021.300000,0.550000
4847500,1759175917344,sell,1021.250000,4.010000
4847501,1759175919335,buy,1021.300000,0.020000
4847502,1759175920269,buy,1021.250000,4.190000
4847503,1759175922985,sell,1021.250000,3.210000
4847504,1759175924431,sell,1021.250000,5.880000
4847505,1759175925593,sell,1021.200000,0.810000
4847506,1759175928286,buy,1021.300000,1.950000
4847507,1759175928884,sell,1021.200000,5.630000
4847508,1759175928905,sell,1021.100000,0.620000
4847509,1759175928946,buy,1021.100000,0.980000
4847510,1759175929402,buy,1021.050000,2.320000
4847511,1759175929953,buy,1021.100000,0.980000
4847512,1759175930992,buy,1021.100000,0.980000
4847513,1759175931156,buy,1021.050000,5.020000
4847514,1759175931167,buy,1021.100000,0.720000
4847515,1759175931168,buy,1021.200000,1.250000
4847516,1759175931993,buy,1021.100000,0.720000
4847517,1759175933812,buy,1021.200000,9.690000
4847518,1759175935362,sell,1021.150000,2.710000
4847519,1759175937320,buy,1021.158000,1.470000
4847520,1759175938197,sell,1021.100000,0.090000
4847521,1759175938638,sell,1021.160000,5.170000
4847522,1759175942100,buy,1021.140000,7.480000
4847523,1759175942476,sell,1021.100000,0.150000
4847524,1759175942476,sell,1021.000000,2.360000
4847525,1759175944001,buy,1021.100000,92.680000
4847526,1759175945891,sell,1021.000000,4.340000
4847527,1759175945969,sell,1021.014000,5.960000
4847528,1759175946715,buy,1021.100000,0.810000
4847529,1759175947726,buy,1021.200000,0.980000
4847530,1759175948710,buy,1021.200000,1.030000
4847531,1759175949757,buy,1021.150000,1.320000
4847532,1759175949782,buy,1021.200000,0.980000
4847533,1759175950811,buy,1021.200000,0.980000
4847534,1759175950854,buy,1021.150000,7.240000
4847535,1759175951849,buy,1021.200000,0.980000
4847536,1759175952708,buy,1021.300000,0.220000
4847537,1759175952883,buy,1021.300000,0.980000
4847538,1759175953601,buy,1021.300000,1.000000
4847539,1759175953601,sell,1021.200000,1.000000
4847540,1759175953919,buy,1021.300000,0.320000
4847541,1759175954521,sell,1021.300000,0.050000
4847542,1759175955333,sell,1021.300000,5.290000
4847543,1759175956160,sell,1021.200000,0.100000
4847544,1759175957385,buy,1021.300000,0.090000
4847545,1759175959494,sell,1021.131000,4.490000
4847546,1759175963355,sell,1021.100000,0.620000
4847547,1759175963355,sell,1021.000000,0.380000
4847548,1759175963492,sell,1021.000000,1.000000
4847549,1759175963632,sell,1021.000000,1.820000
4847550,1759175963648,sell,1020.900000,1.000000
4847551,1759175963648,buy,1021.000000,0.320000
4847552,1759175963648,buy,1021.100000,0.680000
4847553,1759175963683,buy,1021.000000,1.000000
4847554,1759175963684,sell,1020.900000,1.000000
4847555,1759175964314,sell,1020.900000,2.380000
4847556,1759175964319,sell,1020.800000,1.240000
4847557,1759175964491,buy,1020.850000,1.620000
4847558,1759175965571,buy,1020.750000,1.750000
4847559,1759175966542,sell,1020.700000,0.410000
4847560,1759175966818,buy,1020.750000,1.470000
4847561,1759175968065,sell,1020.750000,3.570000
4847562,1759175968810,sell,1020.700000,2.200000
4847563,1759175969626,sell,1020.700000,1.140000
4847564,1759175969632,sell,1020.600000,1.180000
4847565,1759175970301,buy,1020.550000,3.110000
4847566,1759175972481,sell,1020.500000,0.090000
4847567,1759175972533,sell,1020.550000,2.720000
4847568,1759175973363,sell,1020.500000,3.440000
4847569,1759175973363,sell,1020.400000,2.100000
4847570,1759175973714,buy,1020.400000,1.000000
4847571,1759175973716,sell,1020.300000,1.000000
4847572,1759175973746,buy,1020.400000,1.000000
4847573,1759175973750,sell,1020.300000,1.000000
4847574,1759175974143,buy,1020.400000,1.000000
4847575,1759175974143,sell,1020.300000,1.000000
4847576,1759175974177,buy,1020.400000,1.000000
4847577,1759175974177,sell,1020.300000,1.000000
4847578,1759175974496,sell,1020.300000,0.920000
4847579,1759175974950,buy,1020.370000,1.510000
4847580,1759175975776,buy,1020.400000,0.980000
4847581,1759175976906,buy,1020.400000,0.980000
4847582,1759175976934,buy,1020.307000,0.950000
4847583,1759175978229,sell,1020.356000,1.800000
4847584,1759175978348,sell,1020.300000,0.550000
4847585,1759175982325,buy,1020.350000,0.860000
4847586,1759175983888,buy,1020.400000,1.000000
4847587,1759175983889,sell,1020.300000,1.000000
4847588,1759175983920,buy,1020.400000,1.000000
4847589,1759175983920,sell,1020.300000,1.000000
4847590,1759175984123,buy,1020.350000,1.200000
4847591,1759175984352,buy,1020.400000,1.000000
4847592,1759175984352,sell,1020.300000,0.650000
4847593,1759175984352,sell,1020.200000,0.350000
4847594,1759175984383,buy,1020.400000,1.000000
4847595,1759175984388,sell,1020.200000,1.000000
4847596,1759175984545,buy,1020.300000,0.060000
4847597,1759175984860,buy,1020.400000,0.090000
4847598,1759175987638,sell,1020.350000,1.680000
4847599,1759175987702,buy,1020.400000,0.980000
4847600,1759175990216,buy,1020.340000,2.060000
4847601,1759175992160,buy,1020.400000,0.980000
4847602,1759175992342,buy,1020.400000,0.980000
4847603,1759175992360,buy,1020.500000,2.000000
4847604,1759175992556,buy,1020.500000,1.200000
4847605,1759175993169,buy,1020.500000,0.980000
4847606,1759175994041,sell,1020.400000,1.000000
4847607,1759175994042,buy,1020.500000,0.330000
4847608,1759175994042,buy,1020.600000,0.670000
4847609,1759175994064,sell,1020.500000,1.510000
4847610,1759175994072,sell,1020.400000,1.000000
4847611,1759175994073,buy,1020.600000,1.680000
4847612,1759175994103,buy,1020.700000,0.210000
4847613,1759175994662,buy,1020.600000,1.000000
4847614,1759175994664,sell,1020.500000,1.920000
4847615,1759175994699,sell,1020.400000,0.080000
4847616,1759175994700,buy,1020.600000,0.280000
4847617,1759175994700,buy,1020.700000,0.720000
4847618,1759175995748,buy,1020.600000,0.980000
4847619,1759175997121,buy,1020.535000,3.290000
4847620,1759176001172,sell,1020.531000,1.110000
4847621,1759176001306,buy,1020.600000,0.940000
4847622,1759176002377,buy,1020.600000,3.610000
4847623,1759176002898,sell,1020.529000,4.480000
4847624,1759176003883,buy,1020.600000,0.980000
4847625,1759176004154,buy,1020.600000,1.000000
4847626,1759176004155,sell,1020.500000,1.000000
4847627,1759176004196,buy,1020.700000,1.000000
4847628,1759176004196,sell,1020.500000,1.000000
4847629,1759176006503,buy,1020.600000,0.980000
4847630,1759176007456,buy,1020.600000,1.670000
4847631,1759176007519,buy,1020.700000,0.980000
4847632,1759176007757,buy,1020.700000,0.100000
4847633,1759176008555,buy,1020.700000,0.980000
4847634,1759176009573,buy,1020.700000,0.980000
4847635,1759176010246,buy,1020.700000,0.070000
4847636,1759176010603,buy,1020.700000,0.860000
4847637,1759176011614,buy,1020.800000,0.980000
4847638,1759176014483,buy,1020.726000,1.780000
4847639,1759176016586,sell,1020.700000,0.100000
4847640,1759176016673,sell,1020.750000,5.420000
4847641,1759176018878,buy,1020.800000,0.070000
4847642,1759176021362,buy,1020.750000,5.140000
4847643,1759176022624,sell,1020.700000,0.200000
4847644,1759176022624,sell,1020.600000,2.370000
4847645,1759176024006,sell,1020.500000,4.120000
4847646,1759176024006,sell,1020.400000,6.550000
4847647,1759176024006,sell,1020.300000,11.080000
4847648,1759176024006,sell,1020.200000,4.670000
4847649,1759176024006,sell,1020.100000,21.130000
4847650,1759176024006,sell,1020.000000,1.270000
4847651,1759176024006,sell,1019.900000,11.180000
4847652,1759176024659,sell,1020.200000,1.000000
4847653,1759176024836,sell,1020.200000,1.000000
4847654,1759176026155,sell,1020.250000,2.450000
4847655,1759176030404,buy,1020.300000,4.160000
4847656,1759176030588,sell,1020.200000,0.090000
4847657,1759176030610,buy,1020.264000,1.130000
4847658,1759176030795,buy,1020.300000,0.750000
4847659,1759176030829,sell,1020.200000,0.090000
4847660,1759176032919,buy,1020.283000,1.730000
4847661,1759176034317,sell,1020.200000,24.990000
4847662,1759176034317,sell,1020.100000,1.620000
4847663,1759176036594,sell,1020.250000,2.140000
4847664,1759176038638,buy,1020.300000,0.090000
4847665,1759176038945,buy,1020.300000,0.680000
4847666,1759176039475,buy,1020.250000,2.660000
4847667,1759176043816,sell,1020.250000,3.530000
4847668,1759176046614,sell,1020.200000,0.090000
4847669,1759176046849,buy,1020.224000,4.260000
4847670,1759176047706,buy,1020.300000,0.980000
4847671,1759176048714,buy,1020.300000,0.980000
4847672,1759176049752,buy,1020.300000,0.980000
4847673,1759176050625,buy,1020.300000,0.690000
4847674,1759176050625,buy,1020.400000,2.410000
4847675,1759176050753,buy,1020.500000,0.980000
4847676,1759176051571,sell,1020.450000,1.350000
4847677,1759176053051,sell,1020.460000,3.450000
4847678,1759176056324,buy,1020.500000,0.980000
4847679,1759176057619,buy,1020.450000,0.560000
4847680,1759176057740,buy,1020.500000,0.980000
4847681,1759176058024,buy,1020.500000,0.070000
4847682,1759176058583,buy,1020.500000,0.980000
4847683,1759176058679,buy,1020.450000,3.110000
4847684,1759176059587,buy,1020.500000,0.980000
4847685,1759176061691,sell,1020.450000,1.370000
4847686,1759176063306,buy,1020.450000,3.130000
4847687,1759176065711,sell,1020.400000,2.060000
4847688,1759176066314,sell,1020.350000,1.830000
4847689,1759176068235,sell,1020.347000,0.900000
4847690,1759176069990,buy,1020.350000,0.620000
4847691,1759176071074,sell,1020.350000,3.490000
4847692,1759176071299,buy,1020.400000,4.900000
4847693,1759176072789,buy,1020.400000,0.980000
4847694,1759176073417,buy,1020.350000,2.730000
4847695,1759176073644,sell,1020.300000,0.020000
4847696,1759176075251,buy,1020.350000,2.070000
4847697,1759176076512,buy,1020.400000,0.090000
4847698,1759176077983,sell,1020.345000,1.570000
4847699,1759176078247,sell,1020.300000,1.330000
4847700,1759176078536,buy,1020.400000,0.030000
4847701,1759176079922,sell,1020.406000,3.430000
4847702,1759176082929,sell,1020.400000,2.500000
4847703,1759176082929,sell,1020.300000,0.160000
4847704,1759176082929,sell,1020.200000,45.730000
4847705,1759176082929,sell,1020.100000,2.630000
4847706,1759176082929,sell,1020.000000,41.660000
4847707,1759176083290,buy,1020.350000,0.940000
4847708,1759176083827,sell,1020.300000,1.070000
4847709,1759176084000,sell,1020.300000,0.810000
4847710,1759176084355,sell,1020.200000,1.080000
4847711,1759176084394,buy,1020.250000,1.960000
4847712,1759176085212,sell,1020.200000,1.000000
4847713,1759176085624,buy,1020.300000,0.980000
4847714,1759176087794,buy,1020.293000,2.780000
4847715,1759176089600,sell,1020.250000,4.320000
4847716,1759176090615,buy,1020.300000,0.980000
4847717,1759176091623,buy,1020.300000,0.980000
4847718,1759176091844,sell,1020.200000,0.240000
4847719,1759176092656,buy,1020.300000,0.980000
4847720,1759176092735,buy,1020.250000,3.340000
4847721,1759176093110,buy,1020.300000,11.110000
4847722,1759176093445,buy,1020.300000,0.650000
4847723,1759176093594,buy,1020.400000,3.250000
4847724,1759176094269,buy,1020.500000,1.000000
4847725,1759176095983,buy,1020.500000,2.250000
4847726,1759176097006,sell,1020.424000,3.040000
4847727,1759176100559,buy,1020.300000,0.980000
4847728,1759176101485,buy,1020.250000,0.750000
4847729,1759176102728,buy,1020.250000,2.720000
4847730,1759176106291,sell,1020.200000,1.000000
4847731,1759176106291,buy,1020.300000,1.000000
4847732,1759176106946,sell,1020.297000,1.660000
4847733,1759176107258,buy,1020.300000,4.850000
4847734,1759176108322,sell,1020.274000,3.470000
4847735,1759176111804,buy,1020.300000,17.210000
4847736,1759176111848,buy,1020.204000,1.250000
4847737,1759176111862,sell,1020.200000,1.960000
4847738,1759176113063,buy,1020.104000,6.580000
4847739,1759176113981,sell,1020.100000,2.820000
4847740,1759176113982,sell,1020.000000,1.170000
4847741,1759176113982,sell,1019.900000,1.660000
4847742,1759176113995,sell,1019.800000,6.100000
4847743,1759176114003,sell,1019.700000,8.140000
4847744,1759176114003,sell,1019.600000,15.500000
4847745,1759176114019,sell,1019.900000,3.700000
4847746,1759176114019,sell,1019.700000,30.370000
4847747,1759176114055,buy,1019.700000,0.120000
4847748,1759176114074,sell,1019.600000,0.250000
4847749,1759176115024,sell,1019.800000,9.690000
4847750,1759176115088,buy,1019.900000,1.900000
4847751,1759176115134,buy,1020.000000,1.060000
4847752,1759176115467,sell,1019.900000,0.020000
4847753,1759176115467,sell,1019.800000,0.070000
4847754,1759176116018,sell,1019.900000,9.800000
4847755,1759176116265,buy,1019.900000,0.980000
4847756,1759176117304,buy,1019.900000,0.980000
4847757,1759176118079,sell,1019.850000,6.170000
4847758,1759176118316,buy,1019.900000,0.980000
4847759,1759176120110,buy,1019.850000,5.720000
4847760,1759176123514,sell,1019.800000,4.490000
4847761,1759176124636,buy,1019.850000,12.040000
4847762,1759176128579,sell,1019.850000,18.240000
4847763,1759176128815,sell,1019.800000,4.730000
4847764,1759176128816,sell,1019.700000,0.120000
4847765,1759176131060,buy,1019.900000,1.710000
4847766,1759176131764,sell,1019.800000,0.990000
4847767,1759176133006,buy,1019.850000,5.970000
4847768,1759176135451,buy,1019.803000,8.600000
4847769,1759176135605,buy,1019.900000,4.040000
4847770,1759176137056,sell,1019.800000,0.200000
4847771,1759176137057,sell,1019.700000,0.170000
4847772,1759176137728,sell,1019.850000,11.580000
4847773,1759176140169,buy,1019.900000,9.600000
4847774,1759176141152,buy,1019.850000,6.180000
4847775,1759176141819,sell,1019.800000,0.200000
4847776,1759176141819,sell,1019.700000,2.660000
4847777,1759176141819,sell,1019.600000,6.610000
4847778,1759176141819,sell,1019.500000,0.340000
4847779,1759176141860,buy,1019.700000,0.120000
4847780,1759176144078,sell,1019.674000,9.520000
4847781,1759176145530,buy,1019.700000,0.980000
4847782,1759176145884,buy,1019.700000,0.980000
4847783,1759176146559,buy,1019.800000,0.980000
4847784,1759176147336,buy,1019.800000,0.160000
4847785,1759176147370,buy,1019.900000,0.440000
4847786,1759176147481,buy,1019.900000,1.100000
4847787,1759176147756,buy,1019.850000,3.990000
4847788,1759176148578,buy,1019.900000,0.980000
4847789,1759176149637,buy,1019.850000,10.060000
4847790,1759176149701,buy,1019.900000,0.980000
4847791,1759176150705,buy,1019.900000,0.980000
4847792,1759176151738,buy,1019.900000,0.980000
4847793,1759176152410,sell,1019.850000,5.090000
4847794,1759176152775,buy,1019.900000,0.980000
4847795,1759176153574,sell,1019.850000,6.140000
4847796,1759176153810,buy,1019.900000,0.980000
4847797,1759176154815,buy,1019.900000,0.860000
4847798,1759176155341,buy,1019.907000,3.690000
4847799,1759176156896,buy,1019.950000,7.080000
4847800,1759176157394,sell,1019.900000,1.710000
4847801,1759176157394,sell,1019.800000,6.810000
4847802,1759176157852,buy,1019.900000,0.980000
4847803,1759176158847,sell,1019.889000,10.030000
4847804,1759176158859,buy,1019.900000,0.730000
4847805,1759176160750,buy,1020.000000,0.980000
4847806,1759176161264,buy,1019.944000,13.320000
4847807,1759176161765,buy,1020.000000,0.980000
4847808,1759176162770,buy,1020.000000,0.930000
4847809,1759176164582,sell,1020.001000,5.470000
4847810,1759176165591,buy,1020.100000,1.070000
4847811,1759176166194,buy,1020.100000,0.980000
4847812,1759176166446,sell,1020.045000,18.750000
4847813,1759176166627,buy,1020.100000,0.160000
4847814,1759176167668,buy,1020.200000,0.980000
4847815,1759176168668,buy,1020.200000,0.980000
4847816,1759176169705,buy,1020.200000,0.980000
4847817,1759176170543,buy,1020.165000,18.840000
4847818,1759176170734,buy,1020.200000,0.980000
4847819,1759176171366,buy,1020.200000,0.160000
4847820,1759176171366,buy,1020.300000,0.460000
4847821,1759176171749,buy,1020.300000,0.980000
4847822,1759176172775,buy,1020.300000,0.980000
4847823,1759176173777,buy,1020.300000,0.980000
4847824,1759176173787,sell,1020.200000,0.280000
4847825,1759176174806,buy,1020.300000,0.980000
4847826,1759176175463,sell,1020.219000,2.280000
4847827,1759176175824,buy,1020.300000,0.980000
4847828,1759176176862,buy,1020.300000,0.340000
4847829,1759176177853,sell,1020.300000,0.200000
4847830,1759176177853,sell,1020.200000,17.010000
4847831,1759176177896,buy,1020.400000,0.980000
