id,unix_timestamp_ms,side,price,quantity
23430399,1759175612854,sell,1.848400,7.690000
23430400,1759175612854,sell,1.848400,35.350000
23430401,1759175612854,sell,1.848400,26.700000
23430402,1759175612854,sell,1.848400,34.740000
23430403,1759175612854,sell,1.848400,38.460000
23430404,1759175612854,sell,1.848400,10.000000
23430405,1759175612854,sell,1.848300,16.370000
23430406,1759175612854,sell,1.848300,3.000000
23430407,1759175612854,sell,1.848300,118.730000
23430408,1759175612854,sell,1.848300,92.150000
23430409,1759175612854,sell,1.848300,92.150000
23430410,1759175613021,sell,1.848200,69.470000
23430411,1759175613021,sell,1.848200,34.730000
23430412,1759175613021,sell,1.848200,4.050000
23430413,1759175613021,sell,1.848200,33.000000
23430414,1759175613021,sell,1.848200,16.500000
23430415,1759175613021,sell,1.848200,33.000000
23430416,1759175613021,sell,1.848200,330.050000
23430417,1759175613021,sell,1.848200,19.780000
23430418,1759175613093,sell,1.848200,13.220000
23430419,1759175613093,sell,1.848200,8.540000
23430420,1759175613257,sell,1.848200,24.460000
23430421,1759175613257,sell,1.848200,5.880000
23430422,1759175613257,sell,1.848200,3.630000
23430423,1759175613257,sell,1.848200,8.360000
23430424,1759175613257,sell,1.848200,3.130000
23430425,1759175613257,sell,1.848200,182.460000
23430426,1759175613258,sell,1.848200,379.880000
23430427,1759175613289,sell,1.848200,121.170000
23430428,1759175613380,sell,1.848200,21.760000
23430429,1759175613396,buy,1.848300,11.500000
23430430,1759175613396,buy,1.848300,10.500000
23430431,1759175613396,buy,1.848300,10.000000
23430432,1759175613396,buy,1.848300,10.300000
23430433,1759175613396,buy,1.848300,15.000000
23430434,1759175613396,buy,1.848300,10.500000
23430435,1759175613396,buy,1.848300,10.000000
23430436,1759175613396,buy,1.848300,10.000000
23430437,1759175613396,buy,1.848300,74.430000
23430438,1759175613436,sell,1.848200,996.550000
23430439,1759175613436,sell,1.848200,1082.130000
23430440,1759175613436,sell,1.848200,1557.250000
23430441,1759175613487,sell,1.848200,103.900000
23430442,1759175613504,buy,1.848300,25.570000
23430443,1759175613504,buy,1.848300,10.000000
23430444,1759175613504,buy,1.848300,11.000000
23430445,1759175613504,buy,1.848300,10.300000
23430446,1759175613504,buy,1.848300,11.500000
23430447,1759175613504,buy,1.848300,10.000000
23430448,1759175613671,buy,1.848700,10.980000
23430449,1759175613781,buy,1.848700,2.550000
23430450,1759175613895,sell,1.848600,11.000000
23430451,1759175613957,sell,1.848600,48.960000
23430452,1759175614095,buy,1.848700,9.600000
23430453,1759175614113,buy,1.848700,76.870000
23430454,1759175614113,buy,1.848700,467.370000
23430455,1759175614118,buy,1.848700,807.470000
23430456,1759175614241,sell,1.848600,48.960000
23430457,1759175614360,sell,1.848600,40.050000
23430458,1759175614360,sell,1.848600,11.500000
23430459,1759175614360,sell,1.848600,10.000000
23430460,1759175614360,sell,1.848600,11.000000
23430461,1759175614360,sell,1.848600,10.300000
23430462,1759175614360,sell,1.848600,10.500000
23430463,1759175614360,sell,1.848600,10.500000
23430464,1759175614360,sell,1.848600,0.050000
23430465,1759175614471,sell,1.848600,9.950000
23430466,1759175614471,sell,1.848600,10.300000
23430467,1759175614471,sell,1.848600,10.000000
23430468,1759175614471,sell,1.848600,10.000000
23430469,1759175614471,sell,1.848600,11.000000
23430470,1759175614471,sell,1.848600,11.500000
23430471,1759175614471,sell,1.848400,1335.750000
23430472,1759175614471,sell,1.848400,1382.560000
23430473,1759175614471,sell,1.848300,121.170000
23430474,1759175614471,sell,1.848300,54.100000
23430475,1759175614471,sell,1.848300,54.100000
23430476,1759175614471,sell,1.848300,16.070000
23430477,1759175614471,sell,1.848300,54.100000
23430478,1759175614471,sell,1.848200,1919.400000
23430479,1759175614540,sell,1.848300,27.200000
23430480,1759175614620,buy,1.848400,10.300000
23430481,1759175614620,buy,1.848700,10.500000
23430482,1759175614620,buy,1.848700,10.300000
23430483,1759175614620,buy,1.848700,2.220000
23430484,1759175614652,buy,1.848700,8.280000
23430485,1759175614652,buy,1.848700,10.450000
23430486,1759175614944,buy,1.848500,12.990000
23430487,1759175614968,sell,1.848400,10.300000
23430488,1759175614968,sell,1.848400,1.200000
23430489,1759175614979,sell,1.848400,9.300000
23430490,1759175615018,buy,1.848400,1.700000
23430491,1759175615018,buy,1.848500,8.800000
23430492,1759175615025,buy,1.848500,1.200000
23430493,1759175615025,buy,1.848500,9.100000
23430494,1759175615140,sell,1.848300,48.960000
23430495,1759175615248,buy,1.848350,5650.050000
23430496,1759175615324,buy,1.848400,3.300000
23430497,1759175615458,buy,1.848400,158.550000
23430498,1759175615472,sell,1.848300,36.200000
9457523,1759175621504,buy,1.848100,3.300000
9457524,1759175621683,buy,1.848100,3.500000
9457525,1759175621715,sell,1.848000,89.560000
9457526,1759175621752,buy,1.848100,5.400000
9457527,1759175622019,buy,1.848100,82.400000
9457528,1759175622019,buy,1.848200,20.000000
9457529,1759175622019,buy,1.848400,51.950000
9457530,1759175622019,buy,1.848600,300.000000
9457531,1759175622019,buy,1.848700,777.130000
9457532,1759175622019,buy,1.848800,5640.460000
9457533,1759175622019,buy,1.848900,1951.910000
9457534,1759175622019,buy,1.849000,17600.140000
9457535,1759175622019,buy,1.849100,6907.890000
9457536,1759175622019,buy,1.849200,2723.130000
9457537,1759175622019,buy,1.849300,414.340000
9457538,1759175622019,buy,1.849400,5260.100000
9457539,1759175622019,buy,1.849500,1921.750000
9457540,1759175622019,buy,1.849600,3998.130000
9457541,1759175622019,buy,1.849700,2390.980000
9457542,1759175622030,buy,1.848900,35.870000
9457543,1759175622039,sell,1.848800,48.960000
9457544,1759175622169,sell,1.849000,746.000000
9457545,1759175622288,buy,1.849100,414.460000
9457546,1759175622381,sell,1.849000,48.960000
9457547,1759175622453,buy,1.849100,685.990000
9457548,1759175622516,sell,1.849000,27.100000
9457549,1759175622662,buy,1.849100,50.000000
9457550,1759175622679,sell,1.849000,5.440000
9457551,1759175622731,buy,1.849100,162.330000
9457552,1759175622829,sell,1.849000,2000.000000
9457553,1759175622959,sell,1.849000,48.960000
9457554,1759175623079,sell,1.849000,1274.110000
9457555,1759175623110,buy,1.849100,50.000000
9457556,1759175623266,buy,1.849100,18.110000
9457557,1759175623339,sell,1.849000,65.180000
9457558,1759175623483,sell,1.849000,4.400000
9457559,1759175623620,sell,1.849000,48.960000
9457560,1759175623746,sell,1.849000,433.420000
9457561,1759175623918,sell,1.849000,48.960000
9457562,1759175624141,sell,1.849000,208.160000
9457563,1759175624293,sell,1.849000,8.500000
9457564,1759175624496,buy,1.849100,162.240000
9457565,1759175624600,sell,1.849000,8.940000
9457566,1759175624710,buy,1.849100,9.000000
9457567,1759175624879,sell,1.849000,426.480000
9457568,1759175624918,sell,1.848900,2781.170000
9457569,1759175625161,sell,1.848800,27.200000
9457570,1759175625311,sell,1.848850,2789.150000
9457571,1759175625474,buy,1.848800,3.300000
9457572,1759175625579,sell,1.848700,48.960000
9457573,1759175625716,sell,1.848700,28.600000
9457574,1759175625859,sell,1.848700,43.520000
9457575,1759175625976,buy,1.848800,3.200000
9457576,1759175626167,sell,1.848700,98.960000
9457577,1759175626309,buy,1.848800,3.500000
9457578,1759175626470,sell,1.848700,27.200000
9457579,1759175626472,buy,1.848800,236.150000
9457580,1759175626568,sell,1.848750,10592.520000
9457581,1759175626826,sell,1.848600,79.760000
9457582,1759175627055,sell,1.848600,1162.880000
9457583,1759175627136,buy,1.848700,145.680000
9457584,1759175627380,buy,1.848700,162.240000
9457585,1759175627480,sell,1.848600,21.760000
9457586,1759175628139,sell,1.848600,48.960000
9457587,1759175628243,sell,1.848600,54.010000
9457588,1759175628386,sell,1.848600,1176.300000
9457589,1759175628498,sell,1.848600,131.160000
9457590,1759175628604,buy,1.848700,2.000000
9457591,1759175628640,sell,1.848600,82.200000
9457592,1759175628904,sell,1.848600,27.200000
9457593,1759175628941,buy,1.848650,10115.330000
9457594,1759175629120,buy,1.848700,10.000000
9457595,1759175629460,sell,1.848600,85.420000
9457596,1759175629620,sell,1.848500,7.700000
9457597,1759175629898,sell,1.848500,48.960000
9457598,1759175630015,sell,1.848500,13.200000
9457599,1759175630178,sell,1.848500,60.530000
9457600,1759175630324,sell,1.848500,3.500000
9457601,1759175630532,sell,1.848500,189.440000
9457602,1759175630709,buy,1.848600,3.000000
9457603,1759175630721,sell,1.848500,2.000000
9457604,1759175630839,sell,1.848500,91.500000
9457605,1759175631000,buy,1.848600,162.280000
9457606,1759175631033,sell,1.848550,11560.960000
9457607,1759175631099,sell,1.848500,48.960000
9457608,1759175631287,buy,1.848600,3.300000
9457609,1759175631400,sell,1.848500,524.180000
9457610,1759175631441,sell,1.848400,126.140000
9457611,1759175631709,buy,1.848600,3.200000
9457612,1759175631739,sell,1.848400,48.960000
9457613,1759175631841,buy,1.848600,3.300000
9457614,1759175631847,sell,1.848400,311.890000
9457615,1759175631847,sell,1.848300,3280.820000
9457616,1759175631847,sell,1.848200,748.420000
9457617,1759175631847,sell,1.848100,164.570000
9457618,1759175631958,buy,1.848600,3.500000
9457619,1759175632185,sell,1.848500,27.200000
9457620,1759175632389,buy,1.848600,50.000000
9457621,1759175632444,sell,1.848500,1083.700000
9457622,1759175632678,sell,1.848500,162.240000
9457623,1759175632703,buy,1.848600,17.320000
9457624,1759175632782,sell,1.848500,2394.360000
9457625,1759175632885,buy,1.848600,99.690000
9457626,1759175633144,sell,1.848500,171.170000
9457627,1759175633468,sell,1.848200,16.080000
9457628,1759175633468,sell,1.848100,200.800000
9457629,1759175633583,buy,1.848200,288.990000
9457630,1759175633583,buy,1.848500,51.050000
9457631,1759175633683,sell,1.848100,78.370000
9457632,1759175633840,sell,1.848100,43.520000
9457633,1759175634118,sell,1.848100,27.200000
9457634,1759175634461,sell,1.848100,48.960000
9457635,1759175634779,sell,1.848100,27.200000
9457636,1759175635142,sell,1.848100,21.760000
9457637,1759175635359,buy,1.848150,12212.790000
9457638,1759175635539,buy,1.848200,189.390000
9457639,1759175635720,sell,1.848100,10.900000
9457640,1759175636107,sell,1.848100,433.420000
9457641,1759175636143,buy,1.848200,162.320000
9457642,1759175636278,sell,1.848100,3.500000
9457643,1759175636756,buy,1.848200,3.300000
9457644,1759175637020,buy,1.848200,29.030000
9457645,1759175637126,buy,1.848200,674.800000
9457646,1759175637353,buy,1.848200,69.500000
9457647,1759175637438,sell,1.848100,50.960000
9457648,1759175637906,buy,1.848200,3.500000
9457649,1759175638026,sell,1.848100,162.290000
9457650,1759175638192,sell,1.848100,216.780000
9457651,1759175638403,sell,1.848500,120.610000
9457652,1759175638520,sell,1.848500,48.960000
9457653,1759175638536,buy,1.848600,31.500000
9457654,1759175638646,buy,1.848600,23.500000
9457655,1759175639020,sell,1.848550,3697.690000
9457656,1759175639259,buy,1.848600,61.840000
9457657,1759175639502,sell,1.848500,55.200000
9457658,1759175639821,sell,1.848500,17.120000
9457659,1759175639993,buy,1.848600,162.320000
9457660,1759175640412,sell,1.848500,4620.310000
9457661,1759175640481,buy,1.848600,609.300000
9457662,1759175640612,buy,1.848600,30.000000
9457663,1759175640647,sell,1.848500,27.600000
9457664,1759175640809,buy,1.848600,1210.130000
9457665,1759175641015,buy,1.848600,50.000000
9457666,1759175641057,sell,1.848500,7.700000
9457667,1759175641096,buy,1.848600,33.160000
9457668,1759175641219,buy,1.848600,10.000000
9457669,1759175641246,sell,1.848550,16804.400000
9457670,1759175641358,sell,1.848500,3.200000
9457671,1759175641396,buy,1.848600,37358.520000
9457672,1759175641429,buy,1.848700,53.000000
9457673,1759175641429,buy,1.848800,35.870000
9457674,1759175641434,buy,1.848900,303.220000
9457675,1759175641442,buy,1.849100,39.660000
9457676,1759175641442,buy,1.849200,39.110000
9457677,1759175641456,buy,1.849500,222.950000
9457678,1759175641578,buy,1.849600,35.870000
9457679,1759175641578,buy,1.849700,4.050000
9457680,1759175641578,buy,1.849800,243.040000
9457681,1759175641582,buy,1.849900,988.640000
9457682,1759175641597,buy,1.849600,10.300000
9457683,1759175641597,buy,1.849900,568.310000
9457684,1759175641704,buy,1.849900,218.880000
9457685,1759175641768,sell,1.849700,162.320000
9457686,1759175641796,buy,1.849900,7116.800000
9457687,1759175641799,buy,1.850000,1356.770000
9457688,1759175641801,buy,1.850300,139.690000
9457689,1759175641801,buy,1.850400,48.130000
9457690,1759175641801,buy,1.850500,359.680000
9457691,1759175641916,sell,1.850500,3.500000
9457692,1759175641971,buy,1.850600,2.000000
9457693,1759175642008,sell,1.850500,340.500000
9457694,1759175642220,sell,1.850600,10.000000
9457695,1759175642293,buy,1.850700,175.070000
9457696,1759175642293,buy,1.850800,35.870000
9457697,1759175642293,buy,1.850900,1735.780000
9457698,1759175642301,buy,1.851000,284.130000
9457699,1759175642302,buy,1.851100,72.890000
9457700,1759175642302,buy,1.851200,118.080000
9457701,1759175642459,buy,1.851100,1032.680000
9457702,1759175642553,sell,1.851000,196.480000
9457703,1759175642686,buy,1.851100,4.400000
9457704,1759175642720,sell,1.851000,20.800000
9457705,1759175642720,sell,1.850900,3.240000
9457706,1759175642720,sell,1.850800,24.920000
9457707,1759175642981,buy,1.851100,6.500000
9457708,1759175643000,sell,1.851000,63.800000
9457709,1759175643041,sell,1.850800,255.110000
9457710,1759175643084,sell,1.850900,156.980000
9457711,1759175643117,buy,1.851000,3.300000
9457712,1759175643337,buy,1.851000,52.300000
9457713,1759175643337,buy,1.851100,42.300000
9457714,1759175643337,buy,1.851200,39.110000
9457715,1759175643337,buy,1.851300,28.490000
9457716,1759175643399,sell,1.850900,48.960000
9457717,1759175643539,buy,1.851300,3.500000
9457718,1759175643669,sell,1.851200,2.000000
9457719,1759175643707,buy,1.851300,0.520000
9457720,1759175643707,buy,1.851400,16.600000
9457721,1759175643916,sell,1.851300,1381.610000
9457722,1759175644112,buy,1.851400,530.900000
9457723,1759175644118,sell,1.851300,3.300000
9457724,1759175644587,sell,1.851300,162.320000
9457725,1759175644617,buy,1.851400,27.010000
9457726,1759175644797,sell,1.851300,27.400000
9457727,1759175645028,sell,1.851300,61.840000
9457728,1759175645393,sell,1.851300,48.960000
9457729,1759175645733,sell,1.851300,27.400000
9457730,1759175645751,buy,1.851350,7442.670000
9457731,1759175645757,sell,1.851300,48.960000
9457732,1759175646061,sell,1.851300,48.960000
9457733,1759175646291,buy,1.851400,174.300000
9457734,1759175646469,sell,1.851300,27.400000
9457735,1759175646475,buy,1.851400,152.300000
9457736,1759175646475,buy,1.851500,12.300000
9457737,1759175646475,buy,1.851600,645.330000
9457738,1759175646476,sell,1.851300,162.200000
9457739,1759175646622,sell,1.851600,27.010000
9457740,1759175647261,buy,1.851700,62.050000
9457741,1759175647513,buy,1.851700,595.000000
9457742,1759175647796,buy,1.851650,4155.680000
9457743,1759175647942,sell,1.851600,27.300000
9457744,1759175647963,buy,1.851700,162.040000
9457745,1759175648188,buy,1.851700,162.040000
9457746,1759175648236,sell,1.851600,126.600000
9457747,1759175648425,buy,1.851500,2.000000
9457748,1759175648463,sell,1.851400,52.260000
9457749,1759175648709,sell,1.851400,47.600000
9457750,1759175648856,sell,1.851400,104.710000
9457751,1759175649004,sell,1.851400,829.270000
9457752,1759175649097,buy,1.851500,106.300000
9457753,1759175649097,buy,1.851800,162.000000
9457754,1759175649098,buy,1.851900,2463.550000
9457755,1759175649458,buy,1.851950,3236.710000
9457756,1759175649487,sell,1.851900,17.660000
9457757,1759175649591,sell,1.851900,851.400000
9457758,1759175649611,buy,1.852000,40.250000
9457759,1759175650023,sell,1.851900,2000.000000
9457760,1759175650098,buy,1.852000,66.680000
9457761,1759175650420,sell,1.851900,378.350000
9457762,1759175650504,buy,1.852000,262.850000
9457763,1759175650553,sell,1.851900,2082.000000
9457764,1759175650567,buy,1.852000,411.450000
9457765,1759175650582,sell,1.851900,5.500000
9457766,1759175650687,buy,1.852000,2641.240000
9457767,1759175650773,buy,1.852100,108.400000
9457768,1759175650773,buy,1.852200,127.510000
9457769,1759175650773,buy,1.852300,97.380000
9457770,1759175650773,buy,1.852400,35.870000
9457771,1759175650790,sell,1.852000,4.400000
9457772,1759175650828,buy,1.852250,6131.110000
9457773,1759175651063,sell,1.852400,3.200000
9457774,1759175651129,buy,1.852500,156.820000
9457775,1759175651141,buy,1.852700,3034.860000
9457776,1759175651366,buy,1.852800,3.000000
9457777,1759175651498,sell,1.852700,3.300000
9457778,1759175651590,buy,1.852800,48.690000
9457779,1759175651590,buy,1.852900,1031.570000
9457780,1759175652000,buy,1.853000,571.760000
9457781,1759175652166,sell,1.852900,191.350000
9457782,1759175652319,buy,1.853100,3.500000
9457783,1759175652509,buy,1.853100,4.400000
9457784,1759175652679,buy,1.853100,162.710000
9457785,1759175652687,buy,1.853200,2.520000
9457786,1759175653591,buy,1.853200,17.660000
9457787,1759175653633,sell,1.853100,540.350000
9457788,1759175653814,buy,1.853200,41.380000
9457789,1759175653815,buy,1.853300,6.090000
9457790,1759175653815,buy,1.853400,229.180000
9457791,1759175653815,buy,1.853500,601.360000
9457792,1759175653815,buy,1.853600,1870.040000
9457793,1759175653815,buy,1.853700,170.860000
9457794,1759175653839,buy,1.853500,643.830000
9457795,1759175653839,buy,1.853700,31.210000
9457796,1759175653964,buy,1.853700,335.200000
9457797,1759175653965,buy,1.853800,205.150000
9457798,1759175654322,buy,1.853700,10.300000
9457799,1759175654328,sell,1.853600,845.000000
9457800,1759175654816,sell,1.853600,221.610000
9457801,1759175654966,buy,1.853700,2.000000
9457802,1759175655047,sell,1.853600,6660.380000
9457803,1759175655185,sell,1.853550,13113.680000
9457804,1759175655570,sell,1.853500,50.000000
9457805,1759175655675,sell,1.853500,123.000000
9457806,1759175655898,sell,1.853200,48.960000
9457807,1759175656380,sell,1.853200,10.000000
9457808,1759175656380,sell,1.853100,201.000000
9457809,1759175656635,sell,1.853100,124.610000
9457810,1759175656784,buy,1.853200,296.660000
9457811,1759175657061,sell,1.853100,43.520000
9457812,1759175657279,buy,1.853200,1485.680000
9457813,1759175657400,sell,1.853100,403.870000
9457814,1759175657428,sell,1.853000,200.000000
9457815,1759175657428,sell,1.852900,43.180000
9457816,1759175657468,sell,1.852800,221.800000
9457817,1759175657582,buy,1.852900,340.630000
9457818,1759175657616,sell,1.852800,17.300000
9457819,1759175657616,sell,1.852600,32.700000
9457820,1759175657681,sell,1.852800,48.960000
9457821,1759175657808,buy,1.852900,167.300000
9457822,1759175658026,sell,1.852800,11.000000
9457823,1759175658672,sell,1.852800,2930.670000
9457824,1759175658950,sell,1.852800,11.000000
9457825,1759175658950,sell,1.852700,3.000000
9457826,1759175658950,sell,1.852600,207.800000
9457827,1759175659220,sell,1.852600,871.760000
9457828,1759175659257,sell,1.852500,379.890000
9457829,1759175659316,sell,1.852400,43.350000
9457830,1759175659629,sell,1.852600,20.500000
9457831,1759175659759,buy,1.852650,4651.770000
9457832,1759175660106,sell,1.852600,5414.350000
9457833,1759175660124,sell,1.852500,70.070000
9457834,1759175660124,sell,1.852400,7355.300000
9457835,1759175660127,sell,1.852200,104.200000
9457836,1759175660127,sell,1.852100,111.630000
9457837,1759175660142,sell,1.852600,485.340000
9457838,1759175660287,sell,1.852200,572.960000
9457839,1759175660403,buy,1.852300,6.290000
9457840,1759175660419,sell,1.852200,1252.340000
9457841,1759175660515,buy,1.852300,161.910000
9457842,1759175660831,buy,1.852300,65.000000
9457843,1759175660831,buy,1.852600,365.990000
9457844,1759175660831,buy,1.852800,877.700000
9457845,1759175660831,buy,1.852900,531.940000
9457846,1759175660831,buy,1.853000,393.370000
9457847,1759175661120,buy,1.852600,452.330000
9457848,1759175661277,buy,1.853100,3.230000
9457849,1759175661277,buy,1.853200,35.870000
9457850,1759175661277,buy,1.853300,14.980000
9457851,1759175661285,buy,1.853000,2.000000
9457852,1759175661305,sell,1.852800,35.870000
9457853,1759175661305,sell,1.852600,138.760000
9457854,1759175661330,sell,1.852500,600.520000
9457855,1759175661396,buy,1.853000,171.000000
9457856,1759175661396,buy,1.853200,99.780000
9457857,1759175661577,buy,1.852950,7542.140000
9457858,1759175661726,buy,1.853000,59.350000
9457859,1759175661974,sell,1.852900,115.120000
9457860,1759175662110,buy,1.853000,200.000000
9457861,1759175662447,sell,1.852900,75.600000
9457862,1759175662581,sell,1.852900,161.930000
9457863,1759175662696,sell,1.852900,326.160000
9457864,1759175662834,sell,1.852900,216.200000
9457865,1759175663075,sell,1.852900,77.600000
9457866,1759175663336,buy,1.853000,730.290000
9457867,1759175663782,sell,1.853150,3117.810000
9457868,1759175663885,sell,1.853100,707.440000
9457869,1759175663954,buy,1.853200,35.870000
9457870,1759175664235,sell,1.853300,35.900000
9457871,1759175664324,buy,1.853400,108.400000
9457872,1759175664324,buy,1.853500,74.670000
9457873,1759175664800,sell,1.853400,200.000000
9457874,1759175664913,sell,1.853400,216.160000
9457875,1759175665083,buy,1.853500,161.900000
9457876,1759175665646,sell,1.853400,73.100000
9457877,1759175665655,buy,1.853500,699.550000
9457878,1759175665706,sell,1.853400,376.750000
9457879,1759175665880,buy,1.853500,949.060000
9457880,1759175666111,sell,1.853400,200.000000
9457881,1759175666200,sell,1.853450,9641.870000
9457882,1759175666478,sell,1.853400,2483.180000
9457883,1759175666532,buy,1.853500,235.910000
9457884,1759175667012,sell,1.853400,161.900000
9457885,1759175667132,sell,1.853400,408.910000
9457886,1759175667132,sell,1.853300,197.720000
9457887,1759175667546,buy,1.853400,1079.330000
9457888,1759175667781,sell,1.853300,299.900000
9457889,1759175667886,buy,1.853400,2.000000
9457890,1759175668453,buy,1.853400,126.600000
9457891,1759175668454,buy,1.853500,36.200000
9457892,1759175668454,buy,1.853600,94.630000
9457893,1759175668561,sell,1.853500,20.800000
9457894,1759175668561,sell,1.853400,64.450000
9457895,1759175668561,sell,1.853300,77.370000
9457896,1759175668936,buy,1.853600,76.740000
9457897,1759175668936,buy,1.853700,85.110000
9457898,1759175668970,sell,1.853600,161.910000
9457899,1759175669181,buy,1.853650,4161.440000
9457900,1759175669304,sell,1.853600,17.290000
9457901,1759175669496,sell,1.853600,2.000000
9457902,1759175669940,sell,1.853600,54.400000
9457903,1759175670053,buy,1.853700,100.000000
9457904,1759175670834,buy,1.853650,2774.570000
9457905,1759175670929,sell,1.853600,161.850000
9457906,1759175671074,sell,1.853600,216.120000
9457907,1759175671111,buy,1.853700,477.990000
9457908,1759175671159,buy,1.853800,645.490000
9457909,1759175671159,buy,1.853900,598.060000
9457910,1759175671159,buy,1.854000,2556.370000
9457911,1759175671313,sell,1.853900,66.100000
9457912,1759175671678,buy,1.854000,667.360000
9457913,1759175671748,sell,1.853900,571.760000
9457914,1759175672046,buy,1.854000,16.210000
9457915,1759175672260,sell,1.853900,67.900000
9457916,1759175672412,buy,1.854000,100.000000
9457917,1759175672500,sell,1.853900,50.000000
9457918,1759175672559,buy,1.854000,161.810000
9457919,1759175672606,sell,1.853900,48.960000
9457920,1759175672694,buy,1.853950,11334.810000
9457921,1759175672842,buy,1.854000,161.810000
9457922,1759175672921,sell,1.853900,250.000000
9457923,1759175673094,buy,1.854000,62.750000
9457924,1759175673420,buy,1.854000,718.660000
9457925,1759175673890,sell,1.853900,33.320000
9457926,1759175673961,buy,1.854000,9489.220000
9457927,1759175674034,sell,1.853900,2175.290000
9457928,1759175674106,buy,1.854000,21519.860000
9457929,1759175674217,buy,1.854000,11042.690000
9457930,1759175674235,buy,1.854100,1125.830000
9457931,1759175674242,buy,1.854200,1720.780000
9457932,1759175674243,buy,1.854300,457.030000
9457933,1759175674250,buy,1.854400,701.530000
9457934,1759175674478,buy,1.854500,1263.220000
9457935,1759175674511,buy,1.854600,1780.140000
9457936,1759175674544,buy,1.854700,38.200000
9457937,1759175674648,buy,1.854700,927.190000
9457938,1759175675103,buy,1.854800,1300.870000
9457939,1759175675104,buy,1.854900,515.200000
9457940,1759175675104,sell,1.854700,271.140000
9457941,1759175675197,sell,1.854800,216.020000
9457942,1759175675348,sell,1.854800,30.330000
9457943,1759175675478,buy,1.854900,1080.510000
9457944,1759175675594,sell,1.854800,100.000000
9457945,1759175675698,sell,1.854800,1161.810000
9457946,1759175675969,sell,1.854800,100.000000
9457947,1759175676365,sell,1.854850,8549.680000
9457948,1759175676530,buy,1.854900,1511.030000
9457949,1759175676556,sell,1.854800,6.440000
9457950,1759175676761,buy,1.854900,579.760000
9457951,1759175677013,sell,1.854800,3.000000
9457952,1759175677155,buy,1.854900,529.210000
9457953,1759175677205,sell,1.854800,2.000000
9457954,1759175677444,sell,1.854800,500.000000
9457955,1759175677676,sell,1.854800,10.490000
9457956,1759175677716,buy,1.854900,261.320000
9457957,1759175677839,sell,1.854800,110.980000
9457958,1759175677929,buy,1.854900,419.120000
9457959,1759175678259,sell,1.854800,3.000000
9457960,1759175678876,buy,1.854900,711.360000
9457961,1759175679072,buy,1.854900,314.480000
9457962,1759175679072,buy,1.855000,1481.620000
9457963,1759175679126,sell,1.854900,30.140000
9457964,1759175679172,buy,1.855000,16537.070000
9457965,1759175679348,sell,1.854950,10088.850000
9457966,1759175679544,sell,1.854900,200.000000
9457967,1759175679719,buy,1.855000,5000.000000
9457968,1759175679784,sell,1.855000,100.000000
9457969,1759175679959,sell,1.855000,1454.300000
9457970,1759175680215,sell,1.855000,592.290000
9457971,1759175680407,buy,1.855100,30.410000
9457972,1759175680407,sell,1.855000,500.000000
9457973,1759175680719,sell,1.855000,161.750000
9457974,1759175680888,sell,1.855000,161.810000
9457975,1759175680912,buy,1.855100,1078.160000
9457976,1759175681471,sell,1.855000,81.000000
9457977,1759175682035,buy,1.855100,2.000000
9457978,1759175682113,sell,1.855000,100.000000
9457979,1759175682307,buy,1.855100,278.160000
9457980,1759175682689,buy,1.855200,562.560000
9457981,1759175683022,buy,1.855200,1162.780000
9457982,1759175683107,buy,1.855300,132.290000
9457983,1759175683107,buy,1.855400,29.430000
9457984,1759175683346,buy,1.855350,2385.920000
9457985,1759175683419,buy,1.855400,81.440000
9457986,1759175683692,sell,1.855300,2.000000
9457987,1759175684059,buy,1.855400,9.350000
9457988,1759175684226,sell,1.855300,100.000000
9457989,1759175684459,buy,1.855400,566.030000
9457990,1759175684578,sell,1.855300,53.970000
9457991,1759175684674,buy,1.855400,173.190000
9457992,1759175684784,buy,1.855400,353.810000
9457993,1759175684974,buy,1.855350,5251.700000
9457994,1759175684999,sell,1.855300,8367.850000
9457995,1759175685166,buy,1.855300,210.500000
9457996,1759175685166,buy,1.855400,2484.770000
9457997,1759175685169,sell,1.855200,161.250000
9457998,1759175685307,sell,1.855200,10.000000
9457999,1759175685334,buy,1.855300,572.150000
9458000,1759175685774,buy,1.855300,83.300000
9458001,1759175685774,buy,1.855500,454.290000
9458002,1759175685775,buy,1.855600,540.340000
9458003,1759175685797,sell,1.855200,100.000000
9458004,1759175685901,sell,1.855200,161.720000
9458005,1759175686094,buy,1.855300,22.000000
9458006,1759175686193,buy,1.855700,42.300000
9458007,1759175686320,sell,1.855200,3099.190000
9458008,1759175686445,sell,1.855200,1186.170000
9458009,1759175686610,sell,1.855200,33.140000
9458010,1759175687260,sell,1.855200,673.780000
9458011,1759175687357,buy,1.855300,161.690000
9458012,1759175687637,sell,1.855200,566.030000
9458013,1759175687959,sell,1.855200,1104.290000
9458014,1759175688007,buy,1.855250,9374.580000
9458015,1759175688033,buy,1.855300,50.000000
9458016,1759175688801,sell,1.855200,5.000000
9458017,1759175688877,buy,1.855300,169.840000
9458018,1759175688899,sell,1.855200,451.800000
9458019,1759175689001,sell,1.855200,10.000000
9458020,1759175689015,buy,1.855200,11.500000
9458021,1759175689268,sell,1.855000,48.960000
9458022,1759175689393,sell,1.855000,139.990000
9458023,1759175689443,buy,1.855100,1346.820000
9458024,1759175689570,sell,1.855000,248.960000
9458025,1759175689977,sell,1.855000,161.690000
9458026,1759175690080,buy,1.855100,75.300000
9458027,1759175690235,buy,1.855400,25.000000
9458028,1759175690235,buy,1.855500,3.230000
9458029,1759175690235,buy,1.855600,408.870000
9458030,1759175690235,buy,1.855700,666.500000
9458031,1759175690275,sell,1.855300,5.000000
9458032,1759175690412,buy,1.855800,9.900000
9458033,1759175690653,sell,1.855700,27.510000
9458034,1759175690782,sell,1.855700,218.110000
9458035,1759175691140,sell,1.855700,27.100000
9458036,1759175691506,sell,1.855700,101.880000
9458037,1759175691880,sell,1.855200,5.440000
9458038,1759175691890,sell,1.855250,4679.250000
9458039,1759175691902,sell,1.855200,30.430000
9458040,1759175691902,sell,1.855100,1316.580000
9458041,1759175691914,sell,1.855000,618.800000
9458042,1759175691914,sell,1.854800,152.780000
9458043,1759175691914,sell,1.854700,200.000000
9458044,1759175691917,sell,1.854600,485.340000
9458045,1759175691933,sell,1.855000,269.810000
9458046,1759175691938,sell,1.854600,13.790000
9458047,1759175691938,sell,1.854400,29.110000
9458048,1759175692035,buy,1.854900,5.000000
9458049,1759175692097,buy,1.854800,3250.370000
9458050,1759175692097,buy,1.855000,277.150000
9458051,1759175692097,buy,1.855100,985.460000
9458052,1759175692097,buy,1.855200,251.490000
9458053,1759175692097,buy,1.855300,1804.740000
9458054,1759175692100,buy,1.854800,35.870000
9458055,1759175692131,buy,1.855200,142.510000
9458056,1759175692131,buy,1.855300,19.210000
9458057,1759175692168,sell,1.854800,35.870000
9458058,1759175692178,sell,1.854600,37.700000
9458059,1759175692292,sell,1.854500,500.000000
9458060,1759175692313,sell,1.854600,372.270000
9458061,1759175692447,buy,1.854700,10.500000
9458062,1759175692465,buy,1.854800,19.800000
9458063,1759175692815,sell,1.854700,161.690000
9458064,1759175692896,buy,1.854800,5.000000
9458065,1759175693058,buy,1.854800,47.500000
9458066,1759175693058,buy,1.854900,3.230000
9458067,1759175693058,buy,1.855100,61.930000
9458068,1759175693058,buy,1.855200,446.550000
9458069,1759175693062,buy,1.854800,35.870000
9458070,1759175693102,sell,1.854700,571.190000
9458071,1759175693310,buy,1.854800,577.970000
9458072,1759175693588,buy,1.854800,44.090000
9458073,1759175694255,buy,1.854800,3.000000
9458074,1759175694489,sell,1.854700,272.700000
9458075,1759175694581,buy,1.854800,17.110000
9458076,1759175694719,buy,1.854800,35.110000
9458077,1759175694821,sell,1.854750,8122.890000
9458078,1759175694835,buy,1.854800,10.330000
9458079,1759175694973,sell,1.854700,161.720000
9458080,1759175695244,buy,1.854800,10.000000
9458081,1759175695279,sell,1.854700,329.830000
9458082,1759175696023,sell,1.854500,200.000000
9458083,1759175696139,sell,1.854500,10.000000
9458084,1759175696461,buy,1.854600,161.740000
9458085,1759175696738,buy,1.854600,161.740000
9458086,1759175697105,sell,1.854500,79.910000
9458087,1759175697136,buy,1.854600,775.080000
9458088,1759175697153,sell,1.854500,200.000000
9458089,1759175697775,buy,1.854600,161.750000
9458090,1759175697857,sell,1.854500,290.580000
9458091,1759175698251,buy,1.854600,126.880000
9458092,1759175698274,sell,1.854500,200.000000
9458093,1759175698549,sell,1.854500,161.740000
9458094,1759175698606,buy,1.854600,18.090000
9458095,1759175698656,sell,1.854400,62.640000
9458096,1759175698834,sell,1.854400,4263.400000
9458097,1759175698834,sell,1.854300,342.920000
9458098,1759175698834,sell,1.854200,27.130000
9458099,1759175699214,sell,1.854100,6.230000
9458100,1759175699214,sell,1.854000,496.770000
9458101,1759175699214,sell,1.853900,1115.250000
9458102,1759175699453,sell,1.853700,5.440000
9458103,1759175699570,sell,1.853600,50.000000
9458104,1759175699616,buy,1.853650,4637.920000
9458105,1759175699739,sell,1.853600,48.960000
9458106,1759175700013,sell,1.853600,3487.530000
9458107,1759175700110,buy,1.853700,161.770000
9458108,1759175700521,sell,1.853600,48.960000
9458109,1759175700644,sell,1.853600,200.000000
9458110,1759175700841,buy,1.853700,35.870000
9458111,1759175700870,sell,1.853600,54.000000
9458112,1759175700940,buy,1.853700,90.730000
9458113,1759175700940,buy,1.854000,8.760000
9458114,1759175701101,sell,1.853900,11.500000
9458115,1759175701279,sell,1.853900,41.800000
9458116,1759175701279,sell,1.853700,20.500000
9458117,1759175701279,sell,1.853600,41.060000
9458118,1759175701421,sell,1.853600,6.770000
9458119,1759175701465,sell,1.853500,122.630000
9458120,1759175701465,sell,1.853400,111.630000
9458121,1759175701465,sell,1.853300,87.730000
9458122,1759175701571,buy,1.853400,10.000000
9458123,1759175701581,sell,1.853300,50.000000
9458124,1759175701602,buy,1.853400,11.000000
9458125,1759175701603,sell,1.853300,68.360000
9458126,1759175701603,sell,1.853200,35.870000
9458127,1759175701701,sell,1.853100,5.440000
9458128,1759175701979,sell,1.853100,10.880000
9458129,1759175702260,sell,1.853100,5.440000
9458130,1759175702425,sell,1.853100,16.900000
9458131,1759175702449,buy,1.853200,6505.210000
9458132,1759175702877,sell,1.853450,6207.320000
9458133,1759175702900,sell,1.853400,161.770000
9458134,1759175703082,sell,1.853500,1370.870000
9458135,1759175703470,buy,1.853600,163.280000
9458136,1759175703520,sell,1.853500,10.880000
9458137,1759175703781,buy,1.853600,40.600000
9458138,1759175703781,buy,1.854000,64.410000
9458139,1759175703936,sell,1.853700,200.000000
9458140,1759175704050,buy,1.853800,118.420000
9458141,1759175704050,buy,1.853900,548.210000
9458142,1759175704050,buy,1.854100,62.950000
9458143,1759175704060,sell,1.853700,242.910000
9458144,1759175704289,buy,1.854300,500.000000
9458145,1759175704654,sell,1.854300,167.140000
9458146,1759175704975,buy,1.854400,249.400000
9458147,1759175704975,buy,1.854500,7.590000
9458148,1759175704975,buy,1.854700,621.920000
9458149,1759175705202,buy,1.854400,15.000000
9458150,1759175705202,buy,1.854700,346.880000
9458151,1759175705350,sell,1.854400,27.100000
9458152,1759175705357,buy,1.854700,27.000000
9458153,1759175705914,buy,1.854650,13677.800000
9458154,1759175706171,buy,1.854700,16.900000
9458155,1759175706184,sell,1.854600,217.000000
9458156,1759175706391,sell,1.854600,104.100000
9458157,1759175706456,buy,1.854700,472.980000
9458158,1759175706461,buy,1.854800,1121.510000
9458159,1759175706472,buy,1.854900,104.200000
9458160,1759175706477,buy,1.855000,264.130000
9458161,1759175706488,buy,1.855100,200.000000
9458162,1759175706488,buy,1.855200,72.600000
9458163,1759175706683,buy,1.855200,9.540000
9458164,1759175706724,buy,1.855300,204.050000
9458165,1759175706808,sell,1.855300,60.000000
9458166,1759175706875,buy,1.855400,10.000000
9458167,1759175706917,sell,1.855300,500.000000
9458168,1759175707033,sell,1.855300,166.950000
9458169,1759175707175,sell,1.855300,104.100000
9458170,1759175707430,buy,1.855400,405.020000
9458171,1759175707430,buy,1.855500,437.390000
9458172,1759175707430,buy,1.855600,775.560000
9458173,1759175707485,buy,1.855700,49.320000
9458174,1759175707485,buy,1.855800,70.290000
9458175,1759175707485,buy,1.855900,80.390000
9458176,1759175707517,sell,1.855500,420.390000
9458177,1759175707615,buy,1.855500,10.500000
9458178,1759175707747,sell,1.855400,161.880000
9458179,1759175707845,buy,1.855500,10.300000
9458180,1759175707890,sell,1.855400,9.600000
9458181,1759175708263,buy,1.855500,161.750000
9458182,1759175708753,sell,1.855400,161.700000
9458183,1759175708754,buy,1.855500,500.000000
9458184,1759175708882,sell,1.855400,288.640000
9458185,1759175708882,sell,1.855300,3.230000
9458186,1759175708922,buy,1.855300,1253.360000
9458187,1759175709061,sell,1.855200,35.870000
9458188,1759175709121,sell,1.855100,1.330000
9458189,1759175709387,sell,1.855100,201.900000
9458190,1759175709387,sell,1.854900,3.000000
9458191,1759175709389,sell,1.854800,82.640000
9458192,1759175709600,buy,1.854900,949.710000
9458193,1759175709780,sell,1.854800,98.960000
9458194,1759175709903,buy,1.854900,123.000000
9458195,1759175710061,sell,1.854800,32.640000
9458196,1759175710275,buy,1.854900,500.000000
9458197,1759175710334,sell,1.854800,200.000000
9458198,1759175710458,sell,1.854800,349.990000
9458199,1759175710536,sell,1.854850,4226.570000
9458200,1759175710912,sell,1.854800,28.600000
9458201,1759175711269,buy,1.854900,500.000000
9458202,1759175711400,sell,1.854800,58.430000
9458203,1759175711523,sell,1.854800,200.000000
9458204,1759175711625,sell,1.854800,28.600000
9458205,1759175711961,buy,1.854900,107.780000
9458206,1759175712016,sell,1.854800,161.680000
9458207,1759175712217,buy,1.854900,1622.790000
9458208,1759175712217,buy,1.855100,12.940000
9458209,1759175712217,buy,1.855200,316.670000
9458210,1759175712217,buy,1.855300,481.390000
9458211,1759175712217,buy,1.855400,943.830000
9458212,1759175712277,buy,1.855300,810.270000
9458213,1759175712321,buy,1.855200,211.560000
9458214,1759175712588,buy,1.855100,10.000000
9458215,1759175712618,sell,1.855000,53.300000
9458216,1759175712620,sell,1.854900,13.230000
9458217,1759175712622,buy,1.855100,21.500000
9458218,1759175712952,sell,1.855000,234.480000
9458219,1759175713181,sell,1.855050,2561.160000
9458220,1759175713280,buy,1.855100,24.520000
9458221,1759175713452,buy,1.855100,227.580000
9458222,1759175713470,buy,1.855400,322.420000
9458223,1759175713808,buy,1.855400,170.460000
9458224,1759175714178,buy,1.855400,69.970000
9458225,1759175714427,sell,1.855300,215.960000
9458226,1759175714529,sell,1.855300,50.000000
9458227,1759175714731,sell,1.855350,9444.500000
9458228,1759175714840,buy,1.855400,237.150000
9458229,1759175714907,buy,1.855500,40.000000
9458230,1759175714953,buy,1.855600,9.140000
9458231,1759175715088,buy,1.855600,54.960000
9458232,1759175715250,buy,1.855800,121.540000
9458233,1759175715651,sell,1.855700,2489.930000
9458234,1759175715741,buy,1.855800,500.000000
9458235,1759175715896,sell,1.855700,154.830000
9458236,1759175716052,sell,1.855400,27.100000
9458237,1759175716218,sell,1.855400,10.500000
9458238,1759175716377,buy,1.855500,84.800000
9458239,1759175716377,buy,1.855800,709.160000
9458240,1759175716429,sell,1.855500,107.790000
9458241,1759175716429,sell,1.855400,53.960000
9458242,1759175716545,sell,1.855700,10.500000
9458243,1759175716545,sell,1.855500,138.090000
9458244,1759175716545,sell,1.855400,13.150000
9458245,1759175716645,sell,1.855700,10.000000
9458246,1759175716645,sell,1.855500,0.300000
9458247,1759175716892,sell,1.855700,10.300000
9458248,1759175717036,sell,1.855700,265.690000
9458249,1759175717224,buy,1.855800,17.570000
9458250,1759175717481,sell,1.855700,200.000000
9458251,1759175717812,sell,1.855700,388.810000
9458252,1759175717897,sell,1.855300,173.000000
9458253,1759175717897,sell,1.855200,438.770000
9458254,1759175717897,sell,1.855100,626.120000
9458255,1759175717897,sell,1.855000,496.460000
9458256,1759175717953,buy,1.855400,161.650000
9458257,1759175718021,sell,1.855000,1876.770000
9458258,1759175718092,buy,1.855100,20.500000
9458259,1759175718092,buy,1.855400,129.500000
9458260,1759175718256,buy,1.855000,500.000000
9458261,1759175718420,sell,1.854900,5.440000
9458262,1759175718718,buy,1.855000,63.600000
9458263,1759175718824,buy,1.855200,3.000000
9458264,1759175718965,buy,1.855200,10.000000
9458265,1759175718985,sell,1.855100,313.390000
9458266,1759175719081,buy,1.855200,1547.340000
9458267,1759175719223,sell,1.855100,75.300000
9458268,1759175719380,sell,1.854900,48.960000
9458269,1759175719492,buy,1.854950,9144.220000
9458270,1759175719511,buy,1.855000,20.000000
9458271,1759175719860,sell,1.854900,10.000000
9458272,1759175719868,buy,1.855000,50.890000
9458273,1759175719988,sell,1.854900,777.120000
9458274,1759175720299,sell,1.854900,3.230000
9458275,1759175720299,sell,1.854800,95.870000
9458276,1759175720299,sell,1.854700,62.550000
9458277,1759175720322,buy,1.854800,507.470000
9458278,1759175720458,buy,1.854800,500.000000
9458279,1759175720500,sell,1.854700,5.440000
9458280,1759175720624,buy,1.854800,1032.060000
9458281,1759175720858,sell,1.854700,48.960000
9458282,1759175721274,sell,1.854700,48.960000
9458283,1759175721476,buy,1.854800,1240.390000
9458284,1759175721592,sell,1.854700,48.960000
9458285,1759175721736,buy,1.854800,1240.390000
9458286,1759175721780,sell,1.854700,2084.560000
9458287,1759175721783,sell,1.854500,400.000000
9458288,1759175721784,sell,1.854400,89.800000
9458289,1759175721784,sell,1.854300,209.680000
9458290,1759175721784,sell,1.854200,4027.130000
9458291,1759175721787,sell,1.854100,15.000000
9458292,1759175721788,sell,1.854000,296.770000
9458293,1759175721790,sell,1.854700,1833.010000
9458294,1759175721790,sell,1.854300,102.890000
9458295,1759175722025,sell,1.854300,2534.150000
9458296,1759175722053,buy,1.854400,56.670000
9458297,1759175722053,buy,1.854700,223.000000
9458298,1759175722349,sell,1.854300,28.600000
9458299,1759175722472,sell,1.854300,67.990000
9458300,1759175722652,sell,1.854300,660.810000
9458301,1759175722726,buy,1.854400,500.000000
9458302,1759175722980,sell,1.854300,84.100000
9458303,1759175722986,sell,1.854200,23.000000
9458304,1759175722986,sell,1.854100,200.000000
9458305,1759175722986,sell,1.854000,35.870000
9458306,1759175722986,sell,1.853900,85.990000
9458307,1759175722987,sell,1.853600,468.390000
9458308,1759175723011,buy,1.854000,10.000000
9458309,1759175723232,sell,1.853500,42.630000
9458310,1759175723232,sell,1.853400,108.400000
9458311,1759175723232,sell,1.853300,6.090000
9458312,1759175723294,buy,1.853400,161.750000
9458313,1759175723302,sell,1.853200,35.870000
9458314,1759175723302,sell,1.853100,13.090000
9458315,1759175723464,buy,1.853300,88.000000
9458316,1759175723621,sell,1.853100,13.850000
9458317,1759175723621,sell,1.853000,18.790000
9458318,1759175723835,sell,1.853150,11255.570000
9458319,1759175723906,buy,1.853200,1347.700000
9458320,1759175723979,sell,1.853100,15.000000
9458321,1759175723984,sell,1.853000,189.280000
9458322,1759175724280,sell,1.853000,10.880000
9458323,1759175724388,sell,1.853000,83.050000
9458324,1759175724388,sell,1.852900,148.710000
9458325,1759175724388,sell,1.852800,39.100000
9458326,1759175724389,sell,1.852700,7322.910000
9458327,1759175724390,sell,1.852500,516.390000
9458328,1759175724458,sell,1.852400,35.870000
9458329,1759175724458,sell,1.852300,1.740000
9458330,1759175724559,sell,1.852300,92.410000
9458331,1759175724638,sell,1.852200,2.350000
9458332,1759175724682,buy,1.852400,10.300000
9458333,1759175724682,buy,1.852600,144.450000
9458334,1759175724691,sell,1.852300,464.330000
9458335,1759175724846,sell,1.852300,38.080000
9458336,1759175724977,sell,1.852300,10.000000
9458337,1759175725117,sell,1.852300,30.300000
9458338,1759175725139,sell,1.852200,109.760000
9458339,1759175725242,buy,1.852300,190.000000
9458340,1759175725242,buy,1.852400,85.500000
9458341,1759175725242,buy,1.852600,15.000000
9458342,1759175725242,buy,1.852700,107.950000
9458343,1759175725242,buy,1.852800,143.810000
9458344,1759175725369,sell,1.852900,167.190000
9458345,1759175725529,sell,1.852900,20.800000
9458346,1759175726124,sell,1.852900,81.800000
9458347,1759175726154,buy,1.853000,200.000000
9458348,1759175726325,buy,1.853000,276.150000
9458349,1759175726360,buy,1.853200,75.870000
9458350,1759175726360,buy,1.853300,121.680000
9458351,1759175726815,sell,1.853200,264.830000
9458352,1759175726973,sell,1.853200,6414.260000
9458353,1759175727101,sell,1.853200,48.960000
9458354,1759175727207,sell,1.853200,1497.550000
9458355,1759175727380,sell,1.852800,39.100000
9458356,1759175727380,sell,1.852500,9.860000
9458357,1759175727410,buy,1.852740,2597.600000
9458358,1759175727443,buy,1.852800,16.010000
9458359,1759175727443,buy,1.852900,645.950000
9458360,1759175727646,sell,1.852600,49.900000
9458361,1759175727781,sell,1.852600,38.080000
9458362,1759175727851,buy,1.852700,17.730000
9458363,1759175727928,sell,1.852600,1900.000000
9458364,1759175728106,sell,1.852600,48.960000
9458365,1759175728358,sell,1.852600,161.700000
9458366,1759175728503,sell,1.852600,2698.470000
9458367,1759175728538,buy,1.852650,15855.550000
9458368,1759175728840,buy,1.852700,15.230000
9458369,1759175728886,sell,1.852600,273.450000
9458370,1759175729020,sell,1.852600,21.000000
9458371,1759175729020,sell,1.852500,7.600000
9458372,1759175729177,sell,1.852400,335.870000
9458373,1759175729178,sell,1.852300,133.490000
9458374,1759175729178,sell,1.852200,745.580000
9458375,1759175729178,sell,1.852100,216.380000
9458376,1759175729178,sell,1.852000,1399.300000
9458377,1759175729181,sell,1.851900,1442.600000
9458378,1759175729403,buy,1.852000,20.500000
9458379,1759175729434,sell,1.852200,10.100000
9458380,1759175729434,sell,1.851900,200.820000
9458381,1759175729479,buy,1.852000,21.500000
9458382,1759175729575,sell,1.851900,10.000000
9458383,1759175729652,buy,1.852000,43.300000
9458384,1759175729708,buy,1.852200,118.540000
9458385,1759175729708,buy,1.852300,176.500000
9458386,1759175729708,buy,1.852400,39.100000
9458387,1759175729708,buy,1.852500,11.000000
9458388,1759175729708,buy,1.852600,154.860000
9458389,1759175729742,buy,1.852200,10.300000
9458390,1759175729774,buy,1.852500,9.700000
9458391,1759175729826,sell,1.852200,53.990000
9458392,1759175729826,sell,1.852100,37.640000
9458393,1759175730108,sell,1.852400,10.000000
9458394,1759175730318,sell,1.852400,100.000000
9458395,1759175730496,buy,1.852500,11.340000
9458396,1759175730522,sell,1.852400,724.800000
9458397,1759175730675,sell,1.852400,10.000000
9458398,1759175730780,buy,1.852500,88.100000
9458399,1759175730980,sell,1.852600,216.240000
9458400,1759175731134,buy,1.852800,35.870000
9458401,1759175731134,buy,1.852900,16.020000
9458402,1759175731134,buy,1.853000,110.100000
9458403,1759175731295,sell,1.852700,28.600000
9458404,1759175731679,sell,1.852700,99.340000
9458405,1759175731700,sell,1.852400,35.870000
9458406,1759175731700,sell,1.852300,13.090000
9458407,1759175731949,sell,1.852300,937.260000
9458408,1759175732043,buy,1.852400,10.000000
9458409,1759175732223,buy,1.852400,95.600000
9458410,1759175732223,buy,1.852500,11.000000
9458411,1759175732223,buy,1.852700,100.660000
9458412,1759175732223,buy,1.852800,292.740000
9458413,1759175732496,sell,1.852600,31.500000
9458414,1759175732496,sell,1.852500,10.000000
9458415,1759175732496,sell,1.852400,111.850000
9458416,1759175732496,sell,1.852300,2545.410000
9458417,1759175732515,buy,1.852800,161.930000
9458418,1759175732613,buy,1.852400,31.800000
9458419,1759175732779,buy,1.852400,11.000000
9458420,1759175732813,sell,1.852300,70.900000
9458421,1759175732973,sell,1.852300,735.920000
9458422,1759175733035,buy,1.852400,153.430000
9458423,1759175733221,sell,1.852350,19068.580000
9458424,1759175733529,buy,1.852400,88.070000
9458425,1759175733608,buy,1.852800,11.190000
9458426,1759175733792,sell,1.852500,10.500000
9458427,1759175733792,sell,1.852400,46.850000
9458428,1759175733792,sell,1.852300,104.640000
9458429,1759175733832,sell,1.852500,1322.230000
9458430,1759175733884,buy,1.852600,31.800000
9458431,1759175734004,buy,1.852600,10.000000
9458432,1759175734378,buy,1.852600,252.800000
9458433,1759175734424,buy,1.852700,118.490000
9458434,1759175734424,buy,1.852800,219.680000
9458435,1759175734563,buy,1.852700,28.330000
9458436,1759175735038,sell,1.852600,48.960000
9458437,1759175735157,sell,1.852600,55.140000
9458438,1759175735157,sell,1.852400,35.870000
9458439,1759175735171,sell,1.852600,11.000000
9458440,1759175735338,sell,1.852300,28.330000
9458441,1759175735338,sell,1.852200,15.000000
9458442,1759175735338,sell,1.852100,5.630000
9458443,1759175735457,buy,1.852200,11.500000
9458444,1759175735986,sell,1.852100,294.330000
9458445,1759175735987,sell,1.852000,718.890000
9458446,1759175736400,sell,1.852000,216.080000
9458447,1759175736645,buy,1.852100,661.960000
9458448,1759175736785,buy,1.852050,8902.870000
9458449,1759175736890,sell,1.852000,92.290000
9458450,1759175736890,sell,1.851800,1907.710000
9458451,1759175737244,sell,1.852000,216.200000
9458452,1759175737255,buy,1.852100,711.270000
9458453,1759175737411,buy,1.852100,93.600000
9458454,1759175737411,buy,1.852200,31.070000
9458455,1759175737411,buy,1.852300,3.230000
9458456,1759175737411,buy,1.852400,39.100000
9458457,1759175737411,buy,1.852500,1412.010000
9458458,1759175737414,buy,1.852600,231.990000
9458459,1759175737509,sell,1.852000,200.000000
9458460,1759175737605,buy,1.852100,21.500000
9458461,1759175737668,sell,1.852000,11.500000
9458462,1759175737867,sell,1.852300,10.000000
9458463,1759175737867,sell,1.852200,357.860000
9458464,1759175738564,sell,1.852300,539.960000
9458465,1759175738567,buy,1.852400,201.460000
9458466,1759175738585,sell,1.852300,2861.450000
9458467,1759175738665,buy,1.852300,8915.880000
9458468,1759175738852,buy,1.852300,56.360000
9458469,1759175739019,sell,1.852200,461.170000
9458470,1759175739077,buy,1.852300,161.250000
9458471,1759175739210,buy,1.852300,504.630000
9458472,1759175739319,sell,1.852200,52.300000
9458473,1759175739319,sell,1.852100,163.920000
9458474,1759175739425,buy,1.852300,20.300000
9458475,1759175739642,sell,1.852200,10.500000
9458476,1759175739667,buy,1.852300,20.800000
9458477,1759175739818,buy,1.852300,400.000000
9458478,1759175740024,buy,1.852300,11.000000
9458479,1759175740418,sell,1.852200,521.000000
9458480,1759175740418,sell,1.852100,1538.150000
9458481,1759175740418,sell,1.852000,42.330000
9458482,1759175740418,sell,1.851900,591.420000
9458483,1759175740680,sell,1.852000,161.930000
9458484,1759175740698,buy,1.852100,10.000000
9458485,1759175740819,buy,1.852100,95.100000
9458486,1759175740819,buy,1.852200,66.860000
9458487,1759175740939,buy,1.852200,3040.090000
9458488,1759175741350,sell,1.852150,11365.710000
9458489,1759175741411,buy,1.852200,5.570000
9458490,1759175741411,buy,1.852300,494.430000
9458491,1759175741620,sell,1.852100,10.000000
9458492,1759175741831,buy,1.852200,11.500000
9458493,1759175742264,sell,1.852100,200.000000
9458494,1759175742485,sell,1.852100,337.430000
9458495,1759175742532,buy,1.852200,99.600000
9458496,1759175742533,buy,1.852300,3.230000
9458497,1759175742533,buy,1.852400,234.430000
9458498,1759175742880,buy,1.852200,1088.130000
9458499,1759175743133,sell,1.852300,161.960000
9458500,1759175743296,sell,1.852300,200.000000
9458501,1759175743446,sell,1.852300,216.240000
9458502,1759175743453,buy,1.852350,17329.810000
9458503,1759175743676,buy,1.852400,500.000000
9458504,1759175744133,buy,1.852400,441.610000
9458505,1759175744358,buy,1.852400,400.000000
9458506,1759175744917,sell,1.852300,115.600000
9458507,1759175744917,sell,1.852000,69.900000
9458508,1759175744937,buy,1.852400,161.960000
9458509,1759175745255,buy,1.852200,12.980000
9458510,1759175745302,sell,1.852100,21.000000
9458511,1759175745419,buy,1.852100,10.000000
9458512,1759175745670,buy,1.852100,161.950000
9458513,1759175745879,buy,1.852100,500.000000
9458514,1759175746365,sell,1.852000,222.950000
9458515,1759175746584,sell,1.852000,290.600000
9458516,1759175746944,sell,1.851900,14.350000
9458517,1759175747479,sell,1.851900,27.200000
9458518,1759175747544,buy,1.852000,81.790000
9458519,1759175747652,sell,1.851950,5528.170000
9458520,1759175747683,sell,1.851900,200.000000
9458521,1759175747850,sell,1.851900,161.950000
9458522,1759175748084,buy,1.852000,44.810000
9458523,1759175748084,buy,1.852300,3.230000
9458524,1759175748084,buy,1.852400,451.960000
9458525,1759175748227,sell,1.852100,9.350000
9458526,1759175748300,buy,1.852300,2254.480000
9458527,1759175748487,buy,1.852300,11.500000
9458528,1759175748897,sell,1.852200,1200.000000
9458529,1759175748930,sell,1.852250,12721.460000
9458530,1759175749239,sell,1.852200,1358.080000
9458531,1759175749513,sell,1.852200,9.440000
9458532,1759175749646,sell,1.852200,216.300000
9458533,1759175750025,sell,1.852200,17.930000
9458534,1759175750025,sell,1.852100,41.870000
9458535,1759175750206,buy,1.852200,161.990000
9458536,1759175750343,buy,1.852200,69.310000
9458537,1759175750343,buy,1.852300,430.690000
9458538,1759175750363,sell,1.852100,496.220000
9458539,1759175750363,sell,1.851800,206.030000
9458540,1759175750746,sell,1.852100,21.300000
9458541,1759175750799,buy,1.852000,0.200000
9458542,1759175750799,buy,1.852100,32.940000
9458543,1759175751198,sell,1.851900,2000.000000
9458544,1759175751227,buy,1.852000,158.310000
9458545,1759175751754,buy,1.852000,10.000000
9458546,1759175752156,sell,1.851900,540.780000
9458547,1759175752185,buy,1.852000,7.030000
9458548,1759175752237,sell,1.851900,161.990000
9458549,1759175752381,sell,1.851900,1214.200000
9458550,1759175752381,sell,1.851800,39.550000
9458551,1759175752381,sell,1.851700,651.820000
9458552,1759175752547,buy,1.852000,56.270000
9458553,1759175752547,buy,1.852300,15.000000
9458554,1759175752547,buy,1.852400,428.730000
9458555,1759175752692,buy,1.852200,673.780000
9458556,1759175752718,buy,1.852150,11431.980000
9458557,1759175752839,sell,1.852100,31.500000
9458558,1759175752903,sell,1.852000,171.760000
9458559,1759175753212,buy,1.852100,10.300000
9458560,1759175753355,buy,1.852100,540.780000
9458561,1759175753460,buy,1.852100,9.820000
9458562,1759175753486,sell,1.852000,200.000000
9458563,1759175753639,sell,1.852000,18.520000
9458564,1759175753639,sell,1.851600,30.440000
9458565,1759175754656,sell,1.851600,200.000000
9458566,1759175754735,buy,1.851700,670.100000
9458567,1759175755886,sell,1.851600,216.310000
9458568,1759175756008,sell,1.851600,25.000000
9458569,1759175756146,sell,1.851650,8835.400000
9458570,1759175756164,buy,1.851700,901.900000
9458571,1759175756685,sell,1.851600,161.950000
9458572,1759175756698,buy,1.851700,162.020000
9458573,1759175756935,sell,1.851600,200.000000
9458574,1759175757008,buy,1.851700,500.000000
9458575,1759175757964,sell,1.851600,216.310000
9458576,1759175758077,buy,1.851700,141.600000
9458577,1759175758617,buy,1.851900,164.990000
9458578,1759175758782,sell,1.851800,83.070000
9458579,1759175759523,buy,1.851900,208.310000
9458580,1759175759523,buy,1.852000,35.870000
9458581,1759175759523,buy,1.852300,111.200000
9458582,1759175759523,buy,1.852400,144.620000
9458583,1759175759664,sell,1.852200,10.000000
9458584,1759175759664,sell,1.852000,50.100000
9458585,1759175759665,sell,1.851900,458.670000
9458586,1759175759665,sell,1.851800,481.230000
9458587,1759175759935,buy,1.852250,8841.610000
9458588,1759175760045,sell,1.852200,216.270000
9458589,1759175760473,sell,1.852200,232.610000
9458590,1759175761259,sell,1.852200,51.430000
9458591,1759175761391,sell,1.852200,134.890000
9458592,1759175761560,sell,1.852200,27.200000
9458593,1759175761727,buy,1.852300,129.830000
9458594,1759175761727,buy,1.852400,35.870000
9458595,1759175761727,buy,1.852500,220.000000
9458596,1759175761727,buy,1.852600,114.300000
9458597,1759175761921,buy,1.852700,17.090000
9458598,1759175762223,sell,1.852700,200.000000
9458599,1759175762304,buy,1.852800,161.960000
9458600,1759175762503,sell,1.852700,38.900000
9458601,1759175762587,sell,1.852750,13047.030000
9458602,1759175763485,buy,1.852800,361.970000
9458603,1759175763617,buy,1.852800,10.000000
9458604,1759175763750,buy,1.852800,400.000000
9458605,1759175763902,sell,1.852700,161.960000
9458606,1759175763940,buy,1.852800,1848.630000
9458607,1759175764448,buy,1.852800,10.000000
9458608,1759175764448,buy,1.852900,148.710000
9458609,1759175764448,buy,1.853000,205.080000
9458610,1759175764448,buy,1.853100,121.720000
9458611,1759175764454,buy,1.853200,2119.730000
9458612,1759175764454,buy,1.853300,53.960000
9458613,1759175764834,buy,1.853400,108.400000
9458614,1759175764834,buy,1.853500,3.230000
9458615,1759175764834,buy,1.853600,1197.850000
9458616,1759175765003,buy,1.853800,3.230000
9458617,1759175765003,buy,1.853900,85.990000
9458618,1759175765003,buy,1.854000,72.700000
9458619,1759175765202,sell,1.853900,211.720000
9458620,1759175765306,buy,1.854000,1816.070000
9458621,1759175765358,buy,1.854100,351.600000
9458622,1759175765445,buy,1.854200,43.160000
9458623,1759175765445,buy,1.854300,139.690000
9458624,1759175765462,buy,1.854400,61.730000
9458625,1759175765868,sell,1.854300,10.000000
9458626,1759175766117,sell,1.854300,95.600000
9458627,1759175766117,sell,1.854000,35.870000
9458628,1759175766117,sell,1.853900,857.270000
9458629,1759175766117,sell,1.853800,215.780000
9458630,1759175766119,sell,1.853600,467.470000
9458631,1759175766119,sell,1.853500,1111.550000
9458632,1759175766141,sell,1.853600,215.470000
9458633,1759175766142,sell,1.853900,599.680000
9458634,1759175766163,buy,1.854000,10.000000
9458635,1759175766322,sell,1.853400,916.470000
9458636,1759175766444,buy,1.853500,511.000000
9458637,1759175766532,sell,1.853400,161.920000
9458638,1759175766637,sell,1.853400,2000.000000
9458639,1759175767202,buy,1.853450,8636.300000
9458640,1759175767279,sell,1.853400,35.900000
9458641,1759175767401,buy,1.853500,404.660000
9458642,1759175768055,sell,1.853400,1000.000000
9458643,1759175768334,buy,1.853500,4161.780000
9458644,1759175768547,sell,1.853400,200.000000
9458645,1759175768658,buy,1.853500,700.000000
9458646,1759175768776,buy,1.853500,161.860000
9458647,1759175769106,sell,1.853450,16063.070000
9458648,1759175769681,sell,1.853400,160.000000
9458649,1759175770237,sell,1.853300,161.780000
9458650,1759175770493,buy,1.853400,81.590000
9458651,1759175770993,buy,1.853400,500.000000
9458652,1759175771211,buy,1.853400,1176.300000
9458653,1759175771511,buy,1.853400,3.000000
9458654,1759175771596,sell,1.853300,200.000000
9458655,1759175772274,buy,1.853400,64.120000
9458656,1759175772274,buy,1.853500,3.240000
9458657,1759175772275,buy,1.853600,94.500000
9458658,1759175772997,buy,1.853600,643.080000
9458659,1759175773054,buy,1.853550,5053.870000
9458660,1759175773223,sell,1.853500,99.030000
9458661,1759175773506,buy,1.853600,500.000000
9458662,1759175773643,sell,1.853500,27.100000
9458663,1759175773805,sell,1.853500,0.470000
9458664,1759175773997,sell,1.853200,39.110000
9458665,1759175773997,sell,1.853000,342.210000
9458666,1759175773997,sell,1.852900,891.540000
9458667,1759175774205,sell,1.853000,161.860000
9458668,1759175774554,buy,1.853050,3120.770000
9458669,1759175774950,sell,1.853000,380.550000
9458670,1759175775636,buy,1.853100,20.000000
9458671,1759175775811,buy,1.853100,106.600000
9458672,1759175775811,buy,1.853400,3.230000
9458673,1759175775811,buy,1.853500,390.170000
9458674,1759175775940,buy,1.853500,10.000000
9458675,1759175776058,buy,1.853450,5730.820000
9458676,1759175776098,buy,1.853500,200.470000
9458677,1759175776493,buy,1.853500,161.850000
9458678,1759175776500,sell,1.853400,108.330000
9458679,1759175776500,sell,1.853100,75.570000
9458680,1759175776500,sell,1.853000,103.810000
9458681,1759175776707,sell,1.853400,21.500000
9458682,1759175776707,sell,1.853000,3.230000
9458683,1759175776707,sell,1.852900,3.870000
9458684,1759175776797,sell,1.853000,171.860000
9458685,1759175777096,sell,1.853000,10.000000
9458686,1759175777707,sell,1.853000,72.300000
9458687,1759175777975,buy,1.853100,126.600000
9458688,1759175777975,buy,1.853300,3.230000
9458689,1759175777975,buy,1.853400,370.170000
9458690,1759175778157,buy,1.853350,3415.310000
9458691,1759175778171,sell,1.853300,161.850000
9458692,1759175778341,sell,1.853500,11.500000
9458693,1759175778522,buy,1.853600,45.870000
9458694,1759175778586,sell,1.853700,287.710000
9458695,1759175778932,sell,1.853700,83.100000
9458696,1759175778932,sell,1.853600,118.440000
9458697,1759175779008,sell,1.853700,32.000000
9458698,1759175779008,sell,1.853500,11.500000
9458699,1759175779008,sell,1.853300,3.230000
9458700,1759175779008,sell,1.853200,105.860000
9458701,1759175779008,sell,1.853100,479.850000
9458702,1759175779381,buy,1.853200,65.000000
9458703,1759175779381,buy,1.853400,96.890000
9458704,1759175779425,buy,1.853500,113.730000
9458705,1759175779433,sell,1.853200,1789.230000
9458706,1759175779633,buy,1.853400,1600.540000
9458707,1759175779894,sell,1.853300,10.000000
9458708,1759175780178,buy,1.853400,31.000000
9458709,1759175780178,buy,1.853600,469.000000
9458710,1759175780235,sell,1.853300,28.600000
9458711,1759175780369,sell,1.853650,5103.940000
9458712,1759175780603,buy,1.853700,11.000000
9458713,1759175780762,buy,1.853700,31.800000
9458714,1759175780762,buy,1.853800,130.030000
9458715,1759175780809,sell,1.853600,61.730000
9458716,1759175780906,buy,1.853800,38.500000
9458717,1759175781084,sell,1.853700,3234.150000
9458718,1759175781097,buy,1.853800,86.500000
9458719,1759175781097,buy,1.853900,523.180000
9458720,1759175781313,sell,1.853800,1521.750000
9458721,1759175781568,sell,1.853800,161.970000
9458722,1759175781761,sell,1.853800,161.890000
9458723,1759175781964,sell,1.853800,28.600000
9458724,1759175782238,sell,1.853800,28.600000
9458725,1759175782379,buy,1.853900,500.000000
9458726,1759175782672,sell,1.853800,416.000000
9458727,1759175782981,buy,1.853900,19.840000
9458728,1759175783156,buy,1.853850,5207.520000
9458729,1759175783364,sell,1.853500,30.800000
9458730,1759175783455,sell,1.853600,50.100000
9458731,1759175783728,sell,1.853600,10.500000
9458732,1759175783731,buy,1.853700,172.320000
9458733,1759175783766,sell,1.853600,2000.000000
9458734,1759175784367,sell,1.853600,30.800000
9458735,1759175784385,sell,1.853200,21.750000
9458736,1759175784645,buy,1.853600,139.220000
9458737,1759175784645,buy,1.853700,43.500000
9458738,1759175784645,buy,1.853800,317.280000
9458739,1759175784816,sell,1.853500,30.800000
9458740,1759175784994,buy,1.853600,30.800000
9458741,1759175785659,sell,1.853550,2155.750000
9458742,1759175785743,sell,1.853500,85.800000
9458743,1759175785743,sell,1.853200,76.020000
9458744,1759175785792,buy,1.853600,200.000000
9458745,1759175785897,buy,1.853400,30.800000
9458746,1759175785897,buy,1.853600,169.200000
9458747,1759175786005,buy,1.853400,11.000000
9458748,1759175786005,buy,1.853600,127.100000
9458749,1759175786264,sell,1.853300,106.510000
9458750,1759175786640,sell,1.853300,269.820000
9458751,1759175786647,sell,1.853100,110.390000
9458752,1759175786647,sell,1.852900,188.890000
9458753,1759175786653,sell,1.852800,1816.070000
9458754,1759175786854,sell,1.852700,233.330000
9458755,1759175786854,sell,1.852600,9.460000
9458756,1759175786854,sell,1.852500,287.090000
9458757,1759175786859,sell,1.852400,171.650000
9458758,1759175786906,sell,1.852300,35.670000
9458759,1759175786965,sell,1.852200,119.150000
9458760,1759175786965,sell,1.852100,108.400000
9458761,1759175786965,sell,1.852000,3441.880000
9458762,1759175786970,sell,1.851900,20.510000
9458763,1759175786970,sell,1.851800,190.060000
9458764,1759175786970,sell,1.851700,2657.490000
9458765,1759175786977,sell,1.852000,1322.280000
9458766,1759175786977,sell,1.851700,949.090000
9458767,1759175786985,sell,1.851600,487.920000
9458768,1759175787041,sell,1.851700,463.740000
9458769,1759175787041,sell,1.851600,18.740000
9458770,1759175787041,sell,1.851500,87.670000
9458771,1759175787041,sell,1.851400,91.780000
9458772,1759175787041,sell,1.851300,29.410000
9458773,1759175787117,buy,1.851800,13.230000
9458774,1759175787159,buy,1.851900,416.840000
9458775,1759175787219,sell,1.851600,6.480000
9458776,1759175787219,sell,1.851200,566.740000
9458777,1759175787362,buy,1.851300,527.110000
9458778,1759175787499,sell,1.851200,5.440000
9458779,1759175787521,sell,1.851250,2974.310000
9458780,1759175787721,buy,1.851300,61.680000
9458781,1759175788012,sell,1.851200,1088.130000
9458782,1759175788408,sell,1.851200,52.300000
9458783,1759175788409,sell,1.851100,76.730000
9458784,1759175788508,sell,1.851000,7.310000
9458785,1759175788515,buy,1.851200,161.960000
9458786,1759175788535,sell,1.851000,285.500000
9458787,1759175788535,sell,1.850900,1898.540000
9458788,1759175788535,sell,1.850800,381.680000
9458789,1759175788766,sell,1.850900,33.000000
9458790,1759175789010,sell,1.850900,161.830000
9458791,1759175789340,sell,1.850900,200.000000
9458792,1759175789568,sell,1.850900,30.000000
9458793,1759175789568,sell,1.850800,131.840000
9458794,1759175789734,buy,1.850850,3203.330000
9458795,1759175789940,sell,1.850800,5.000000
9458796,1759175790050,sell,1.850800,2814.260000
9458797,1759175790056,buy,1.850900,83.720000
9458798,1759175790056,buy,1.851100,118.570000
9458799,1759175790056,buy,1.851200,35.870000
9458800,1759175790056,buy,1.851300,122.630000
9458801,1759175790189,buy,1.850900,100.820000
9458802,1759175790369,sell,1.850800,30.000000
9458803,1759175790581,buy,1.850900,24.880000
9458804,1759175790628,sell,1.850800,3240.970000
9458805,1759175791278,buy,1.850900,92.130000
9458806,1759175791379,buy,1.850900,185.080000
9458807,1759175791853,buy,1.850900,566.050000
9458808,1759175791853,buy,1.851400,108.030000
9458809,1759175791858,sell,1.850800,817.100000
9458810,1759175792067,buy,1.850900,51.300000
9458811,1759175792076,sell,1.850800,200.000000
9458812,1759175792093,buy,1.850900,20.300000
9458813,1759175792108,sell,1.850900,10.000000
9458814,1759175792133,sell,1.851000,11.500000
9458815,1759175792415,sell,1.851100,11.000000
9458816,1759175792419,buy,1.851200,58.370000
9458817,1759175792419,buy,1.851500,481.940000
9458818,1759175792631,buy,1.851300,11.500000
9458819,1759175792756,buy,1.851300,162.090000
9458820,1759175792855,sell,1.851250,7321.590000
9458821,1759175792997,sell,1.851200,85.300000
9458822,1759175792997,sell,1.851100,31.000000
9458823,1759175792997,sell,1.850900,54.030000
9458824,1759175792997,sell,1.850800,86.690000
9458825,1759175793124,buy,1.851300,47.000000
9458826,1759175793125,sell,1.851300,10.000000
9458827,1759175793231,sell,1.851300,353.000000
9458828,1759175793231,sell,1.851200,10.300000
9458829,1759175793231,sell,1.850900,983.520000
9458830,1759175793242,sell,1.851100,413.000000
9458831,1759175793242,sell,1.850900,1087.000000
9458832,1759175793309,sell,1.851300,10.300000
9458833,1759175793416,sell,1.851300,35.240000
9458834,1759175793664,sell,1.851000,162.080000
9458835,1759175793783,buy,1.851100,52.100000
9458836,1759175793873,buy,1.851300,28.260000
9458837,1759175794242,buy,1.851100,11.000000
9458838,1759175794452,buy,1.851100,10.000000
9458839,1759175794452,buy,1.851400,8.700000
9458840,1759175794667,sell,1.851000,130.580000
9458841,1759175794667,sell,1.850900,1744.280000
9458842,1759175795014,buy,1.851000,105.300000
9458843,1759175795014,buy,1.851100,21.300000
9458844,1759175795014,buy,1.851200,733.300000
9458845,1759175795014,buy,1.851300,222.910000
9458846,1759175795019,sell,1.850900,5007.920000
9458847,1759175795303,buy,1.851400,6912.140000
9458848,1759175795305,buy,1.851600,39.110000
9458849,1759175795305,buy,1.851800,128.000000
9458850,1759175795305,buy,1.851900,527.240000
9458851,1759175795305,buy,1.852000,427.540000
9458852,1759175795363,buy,1.851900,216.080000
9458853,1759175795382,sell,1.851900,1348.630000
9458854,1759175795429,buy,1.852200,117.430000
9458855,1759175795807,buy,1.852300,351.260000
9458856,1759175795807,buy,1.852400,339.100000
9458857,1759175795807,buy,1.852500,151.940000
9458858,1759175796574,sell,1.852600,27.100000
9458859,1759175796729,sell,1.852600,2254.480000
9458860,1759175796777,buy,1.852700,162.040000
9458861,1759175796782,sell,1.852600,3298.290000
9458862,1759175796788,sell,1.852400,138.520000
9458863,1759175796846,sell,1.852600,11.000000
9458864,1759175796854,sell,1.852100,228.820000
9458865,1759175796854,sell,1.852000,50.870000
9458866,1759175796855,sell,1.851900,1333.790000
9458867,1759175796890,buy,1.851950,6046.060000
9458868,1759175797060,sell,1.851800,6.470000
9458869,1759175797060,sell,1.851600,42.490000
9458870,1759175797459,buy,1.851600,3.240000
9458871,1759175797554,sell,1.851500,10.000000
9458872,1759175797565,buy,1.851600,74.860000
9458873,1759175797565,buy,1.851700,10.000000
9458874,1759175797565,buy,1.851800,2947.630000
9458875,1759175797565,buy,1.851900,11.000000
9458876,1759175797565,buy,1.852000,224.790000
9458877,1759175797568,buy,1.851800,1403.560000
9458878,1759175797568,buy,1.852000,33.200000
9458879,1759175797568,buy,1.852100,219.220000
9458880,1759175797888,sell,1.851900,21.500000
9458881,1759175797928,buy,1.852000,10.000000
9458882,1759175797933,sell,1.851900,25.030000
9458883,1759175798003,buy,1.851900,10.000000
9458884,1759175798152,buy,1.851700,11.000000
9458885,1759175798152,buy,1.851900,1808.300000
9458886,1759175798305,sell,1.851600,861.910000
9458887,1759175798305,sell,1.851500,852.350000
9458888,1759175798514,buy,1.851700,3.230000
9458889,1759175798659,buy,1.851700,48.770000
9458890,1759175798663,buy,1.851900,388.670000
9458891,1759175798663,buy,1.852000,1020.030000
9458892,1759175798666,sell,1.851600,10.300000
9458893,1759175798667,buy,1.852000,939.050000
9458894,1759175798667,buy,1.852200,2.170000
9458895,1759175798672,sell,1.851700,32.300000
9458896,1759175798997,buy,1.852100,10.000000
9458897,1759175799351,sell,1.852100,30.800000
9458898,1759175799351,sell,1.852000,34.200000
9458899,1759175799351,sell,1.851900,64.290000
9458900,1759175799351,sell,1.851800,35.910000
9458901,1759175799604,sell,1.851800,544.240000
9458902,1759175799633,buy,1.851900,30.300000
9458903,1759175799787,buy,1.851900,3.230000
9458904,1759175800418,sell,1.851850,2966.990000
9458905,1759175800544,sell,1.851800,32.300000
9458906,1759175800933,sell,1.851700,225.960000
9458907,1759175800933,sell,1.851600,35.870000
9458908,1759175800933,sell,1.851400,174.550000
9458909,1759175801026,buy,1.851800,87.180000
9458910,1759175801423,sell,1.851700,40.460000
9458911,1759175801453,buy,1.851800,126.600000
9458912,1759175801453,buy,1.851900,35.410000
9458913,1759175801520,buy,1.851850,8250.910000
9458914,1759175801884,sell,1.851900,84.800000
9458915,1759175801884,sell,1.851700,120.820000
9458916,1759175801884,sell,1.851500,54.010000
9458917,1759175801884,sell,1.851400,1240.370000
9458918,1759175802141,buy,1.851500,51.800000
9458919,1759175802141,buy,1.851800,272.220000
9458920,1759175803367,sell,1.851400,41.800000
9458921,1759175803430,sell,1.851300,15.000000
9458922,1759175803430,sell,1.851200,91.910000
9458923,1759175803430,sell,1.851100,4.050000
9458924,1759175803430,sell,1.851000,56.490000
9458925,1759175803501,buy,1.851300,10.000000
9458926,1759175804157,sell,1.851000,200.000000
9458927,1759175804444,sell,1.851000,7.650000
9458928,1759175804444,sell,1.850900,1001.070000
9458929,1759175804444,sell,1.850800,45.870000
9458930,1759175804444,sell,1.850700,945.410000
9458931,1759175804487,buy,1.851100,162.000000
9458932,1759175804594,buy,1.851200,35.870000
9458933,1759175804594,buy,1.851300,3.240000
9458934,1759175804594,buy,1.851400,122.890000
9458935,1759175804927,buy,1.851200,30.300000
9458936,1759175805056,sell,1.851100,18.710000
9458937,1759175805251,sell,1.851100,69.830000
9458938,1759175805438,sell,1.850800,61.870000
9458939,1759175805438,sell,1.850700,110.530000
9458940,1759175805438,sell,1.850600,327.600000
9458941,1759175805630,sell,1.850600,20.000000
9458942,1759175805743,sell,1.850670,2966.740000
9458943,1759175806486,sell,1.850600,162.000000
9458944,1759175806607,buy,1.850700,50.000000
9458945,1759175806818,sell,1.850600,30.300000
9458946,1759175806818,sell,1.850500,119.330000
9458947,1759175806978,buy,1.850700,9.740000
9458948,1759175807136,sell,1.850600,10.000000
9458949,1759175807448,sell,1.850600,21.500000
9458950,1759175807622,buy,1.850700,113.660000
9458951,1759175807739,sell,1.850850,10251.420000
9458952,1759175807822,sell,1.850800,10.000000
9458953,1759175808028,buy,1.850900,162.100000
9458954,1759175808324,sell,1.850800,272.770000
9458955,1759175808324,sell,1.850600,80.600000
9458956,1759175808567,sell,1.850700,1347.070000
9458957,1759175808652,buy,1.850800,94.100000
9458958,1759175808652,buy,1.850900,200.000000
9458959,1759175808652,buy,1.851000,32.500000
9458960,1759175808652,buy,1.851100,20.000000
9458961,1759175808652,buy,1.851200,147.630000
9458962,1759175808936,sell,1.851200,53.300000
9458963,1759175808936,sell,1.850800,782.760000
9458964,1759175808936,sell,1.850700,2.490000
9458965,1759175809010,buy,1.851200,35.870000
9458966,1759175809010,buy,1.851300,91.660000
9458967,1759175809015,sell,1.851200,10.000000
9458968,1759175809875,sell,1.850900,456.970000
9458969,1759175809885,buy,1.851000,81.230000
9458970,1759175810472,buy,1.851000,40.940000
9458971,1759175810472,buy,1.851300,271.300000
9458972,1759175810472,buy,1.851400,7770.660000
9458973,1759175810620,sell,1.851500,91.660000
9458974,1759175810620,sell,1.851400,11.000000
9458975,1759175810645,sell,1.851200,162.100000
9458976,1759175810855,sell,1.851200,65.200000
9458977,1759175810896,buy,1.851300,41.800000
9458978,1759175811118,sell,1.851200,1500.000000
9458979,1759175811369,buy,1.851300,58.700000
9458980,1759175811571,sell,1.851200,84.800000
9458981,1759175811879,buy,1.851150,1775.660000
9458982,1759175811915,sell,1.851100,543.040000
9458983,1759175812397,buy,1.851100,74.300000
9458984,1759175812397,buy,1.851200,21.000000
9458985,1759175812397,buy,1.851300,75.390000
9458986,1759175812532,buy,1.851100,20.300000
9458987,1759175812532,buy,1.851300,44.900000
9458988,1759175812799,buy,1.851100,6.500000
9458989,1759175812828,sell,1.851000,162.000000
9458990,1759175812877,buy,1.851100,4.500000
9458991,1759175812877,buy,1.851300,157.570000
9458992,1759175813135,buy,1.851250,6288.570000
9458993,1759175813206,sell,1.851200,34.000000
9458994,1759175813517,sell,1.851200,30.300000
9458995,1759175813517,sell,1.851100,200.000000
9458996,1759175813719,sell,1.850800,5.440000
9458997,1759175813778,buy,1.850900,11.000000
9458998,1759175813799,sell,1.850800,30.430000
9458999,1759175813799,sell,1.850700,41.470000
9459000,1759175814277,buy,1.850800,170.270000
9459001,1759175814711,sell,1.850700,4.400000
9459002,1759175815026,sell,1.850700,3.300000
9459003,1759175815279,sell,1.850700,84.350000
9459004,1759175815344,sell,1.850500,300.000000
9459005,1759175815344,sell,1.850400,70.820000
9459006,1759175815436,sell,1.850300,92.150000
9459007,1759175815531,sell,1.850370,4369.250000
9459008,1759175815577,buy,1.850400,6.700000
9459009,1759175816268,buy,1.850400,43.280000
9459010,1759175816347,sell,1.850300,7.030000
9459011,1759175816379,buy,1.850400,4.400000
9459012,1759175816393,sell,1.850300,47.290000
9459013,1759175816393,sell,1.850200,1213.160000
9459014,1759175816393,sell,1.850100,739.550000
9459015,1759175816549,buy,1.850200,3.300000
9459016,1759175816884,buy,1.850200,113.000000
9459017,1759175816884,buy,1.850300,49.130000
9459018,1759175816895,sell,1.850100,161.960000
9459019,1759175816956,buy,1.850300,3.300000
9459020,1759175817058,sell,1.850200,11.000000
9459021,1759175817058,sell,1.850100,521.580000
9459022,1759175817228,sell,1.850200,85.000000
9459023,1759175817228,sell,1.850100,1031.660000
9459024,1759175817477,buy,1.850200,52.500000
9459025,1759175817477,buy,1.850300,42.800000
9459026,1759175817477,buy,1.850400,18.240000
9459027,1759175817477,buy,1.850500,48.560000
9459028,1759175817546,sell,1.850100,13.120000
9459029,1759175817654,buy,1.850200,5.900000
9459030,1759175817709,buy,1.850150,4820.640000
9459031,1759175817816,buy,1.850200,5.100000
9459032,1759175818399,buy,1.850500,18.710000
9459033,1759175818662,sell,1.850400,121.500000
9459034,1759175818663,sell,1.850100,4202.120000
9459035,1759175818716,buy,1.850500,52.430000
9459036,1759175818915,sell,1.850100,8.150000
9459037,1759175819135,sell,1.850100,2653.680000
9459038,1759175819502,sell,1.850100,10006.710000
9459039,1759175819583,sell,1.850000,6.700000
9459040,1759175819838,buy,1.850100,50.000000
9459041,1759175820115,buy,1.850100,80.600000
9459042,1759175820129,buy,1.850300,300.000000
9459043,1759175820187,sell,1.850100,162.100000
9459044,1759175820196,buy,1.850100,11.000000
9459045,1759175820196,buy,1.850700,14.000000
9459046,1759175820308,buy,1.850500,176.740000
9459047,1759175820308,buy,1.850700,122.470000
9459048,1759175820369,buy,1.850500,9.130000
9459049,1759175820386,sell,1.850400,7.700000
9459050,1759175820639,sell,1.850400,55.300000
9459051,1759175820676,buy,1.850400,10.300000
9459052,1759175821220,buy,1.850300,50.800000
9459053,1759175821220,buy,1.850400,77.890000
9459054,1759175821220,buy,1.850600,40.160000
9459055,1759175821222,sell,1.850200,61.440000
9459056,1759175821222,sell,1.850100,282.710000
9459057,1759175821222,sell,1.850000,2205.470000
9459058,1759175821234,buy,1.850400,3.300000
9459059,1759175821610,buy,1.850400,12.100000
9459060,1759175821645,sell,1.850300,21.500000
9459061,1759175821808,sell,1.850300,51.800000
9459062,1759175821808,sell,1.850200,122.930000
9459063,1759175822030,buy,1.850400,7.700000
9459064,1759175822043,sell,1.850300,10.000000
9459065,1759175822043,sell,1.850100,11.500000
9459066,1759175822241,sell,1.850000,8.740000
9459067,1759175822566,buy,1.850100,320.510000
9459068,1759175822600,sell,1.850000,384.200000
9459069,1759175822832,buy,1.850050,3002.360000
9459070,1759175822885,buy,1.850100,17.600000
9459071,1759175822967,sell,1.850000,200.000000
9459072,1759175822968,buy,1.850100,298.350000
9459073,1759175823251,sell,1.850000,721.360000
9459074,1759175823412,buy,1.850100,16.190000
9459075,1759175823555,buy,1.850100,126.600000
9459076,1759175823556,buy,1.850400,7670.440000
9459077,1759175823904,sell,1.850700,321.160000
9459078,1759175823931,sell,1.850600,10.000000
9459079,1759175823931,sell,1.850500,193.380000
9459080,1759175823931,sell,1.850400,1191.890000
9459081,1759175823949,buy,1.850650,8641.590000
9459082,1759175823998,buy,1.850800,35.870000
9459083,1759175824160,sell,1.850500,19.890000
9459084,1759175824449,buy,1.850600,73.800000
9459085,1759175824684,sell,1.850900,36.490000
9459086,1759175824684,sell,1.850700,95.130000
9459087,1759175824684,sell,1.850600,125.810000
9459088,1759175824712,buy,1.851000,70.490000
9459089,1759175824755,sell,1.850900,10.500000
9459090,1759175824904,buy,1.851000,250.740000
9459091,1759175824905,buy,1.851200,35.870000
9459092,1759175824906,buy,1.851300,3496.370000
9459093,1759175824940,buy,1.851000,21.800000
9459094,1759175824969,buy,1.851300,130.150000
9459095,1759175824998,buy,1.851000,10.000000
9459096,1759175825003,sell,1.851000,10.300000
9459097,1759175825146,buy,1.851400,3.000000
9459098,1759175825176,sell,1.851300,162.130000
9459099,1759175825196,sell,1.851400,24.810000
9459100,1759175825227,buy,1.851500,118.580000
9459101,1759175825227,buy,1.851600,175.560000
9459102,1759175825227,buy,1.851700,27.130000
9459103,1759175825227,buy,1.851900,3.240000
9459104,1759175825227,buy,1.852000,3053.880000
9459105,1759175825263,sell,1.851600,13.500000
9459106,1759175825407,buy,1.852000,118.580000
9459107,1759175825407,buy,1.852100,108.400000
9459108,1759175825408,buy,1.852200,75.360000
9459109,1759175825408,buy,1.852000,10.000000
9459110,1759175825408,buy,1.852200,48.080000
9459111,1759175825408,buy,1.852300,42.130000
9459112,1759175825434,sell,1.851900,9.810000
9459113,1759175825486,buy,1.852000,11.000000
9459114,1759175825744,buy,1.852400,35.870000
9459115,1759175825744,buy,1.852500,53.620000
9459116,1759175825900,sell,1.852300,144.820000
9459117,1759175825981,sell,1.852100,397.980000
9459118,1759175826262,buy,1.852300,31.300000
9459119,1759175826266,buy,1.852500,63.300000
9459120,1759175826266,buy,1.852600,152.890000
9459121,1759175826330,buy,1.852700,972.950000
9459122,1759175826398,sell,1.852500,10.500000
9459123,1759175826435,sell,1.852600,10.000000
9459124,1759175826435,sell,1.852500,11.500000
9459125,1759175826824,buy,1.852700,206.700000
9459126,1759175826972,buy,1.852700,1143.540000
9459127,1759175827006,sell,1.852650,6896.680000
9459128,1759175827068,buy,1.852800,35.870000
9459129,1759175827068,buy,1.852900,151.940000
9459130,1759175827068,buy,1.853000,84.030000
9459131,1759175827215,buy,1.853000,214.740000
9459132,1759175827537,buy,1.853100,65.600000
9459133,1759175827663,buy,1.853200,7.600000
9459134,1759175827694,sell,1.853100,53.400000
9459135,1759175827821,buy,1.853200,28.270000
9459136,1759175827821,buy,1.853300,229.090000
9459137,1759175827821,buy,1.853400,108.400000
9459138,1759175827821,buy,1.853500,750.900000
9459139,1759175827831,sell,1.853200,215.560000
9459140,1759175828010,sell,1.853100,320.510000
9459141,1759175828334,sell,1.853300,31.300000
9459142,1759175828396,sell,1.853200,130.000000
9459143,1759175828430,sell,1.853300,10.000000
9459144,1759175828430,sell,1.853200,3.640000
9459145,1759175828543,sell,1.853100,53.400000
9459146,1759175828719,buy,1.853200,33.000000
9459147,1759175828884,sell,1.853100,140.320000
9459148,1759175829002,sell,1.853100,57.640000
9459149,1759175829024,buy,1.853100,142.360000
9459150,1759175829024,buy,1.853200,19.560000
9459151,1759175829157,sell,1.853000,100.300000
9459152,1759175829157,sell,1.852900,40.030000
9459153,1759175829621,buy,1.852900,1527.000000
9459154,1759175829715,buy,1.852850,4818.980000
9459155,1759175830285,buy,1.852900,3.000000
9459156,1759175830827,buy,1.852900,94.740000
9459157,1759175830827,buy,1.853200,67.140000
9459158,1759175830859,sell,1.852800,9.400000
9459159,1759175831194,buy,1.853100,11.000000
9459160,1759175831610,sell,1.853000,97.160000
9459161,1759175831819,sell,1.853000,24.900000
9459162,1759175831819,sell,1.852800,26.470000
9459163,1759175831819,sell,1.852700,3.000000
9459164,1759175831819,sell,1.852600,3.140000
9459165,1759175831819,sell,1.852500,1942.490000
9459166,1759175832261,sell,1.852600,11.000000
9459167,1759175832276,buy,1.852700,42.500000
9459168,1759175832276,buy,1.852800,30.800000
9459169,1759175832276,buy,1.853000,1090.470000
9459170,1759175832276,buy,1.853100,21.500000
9459171,1759175832276,buy,1.853200,35.870000
9459172,1759175832276,buy,1.853300,3.230000
9459173,1759175832276,buy,1.853400,215.820000
9459174,1759175832276,buy,1.853500,584.320000
9459175,1759175832502,buy,1.853400,9.400000
9459176,1759175832611,sell,1.853350,6372.300000
9459177,1759175832868,sell,1.853300,161.880000
9459178,1759175833205,buy,1.853400,34.000000
9459179,1759175833316,buy,1.853500,31.500000
9459180,1759175833338,buy,1.853600,376.100000
9459181,1759175833729,buy,1.853600,272.310000
9459182,1759175833774,buy,1.853700,3.200000
9459183,1759175834157,buy,1.853700,26.640000
9459184,1759175834157,buy,1.853800,60.410000
9459185,1759175834225,sell,1.853800,216.160000
9459186,1759175834360,sell,1.853800,299.210000
9459187,1759175834405,buy,1.853900,1206.470000
9459188,1759175834407,buy,1.854000,89.990000
9459189,1759175834419,sell,1.853900,27.100000
9459190,1759175834640,sell,1.853900,1500.000000
9459191,1759175834662,buy,1.854000,3459.390000
9459192,1759175834704,sell,1.854000,3.200000
9459193,1759175834815,buy,1.854100,482.130000
9459194,1759175834890,buy,1.854200,5.960000
9459195,1759175834911,buy,1.854100,3471.260000
9459196,1759175834929,buy,1.854200,94.790000
9459197,1759175834929,buy,1.854300,67.070000
9459198,1759175835093,buy,1.854300,85.070000
9459199,1759175835093,buy,1.854400,50.820000
9459200,1759175835093,buy,1.854500,16.370000
9459201,1759175835093,buy,1.854600,4346.210000
9459202,1759175835181,sell,1.854200,20.300000
9459203,1759175835181,sell,1.854100,10.000000
9459204,1759175835181,sell,1.854000,202.240000
9459205,1759175835480,sell,1.854300,4096.000000
9459206,1759175835675,buy,1.854400,121.400000
9459207,1759175835675,buy,1.854500,107.850000
9459208,1759175835675,buy,1.854600,961.820000
9459209,1759175835886,sell,1.854300,74.100000
9459210,1759175835886,sell,1.854000,11.000000
9459211,1759175835925,buy,1.854400,26.960000
9459212,1759175836086,buy,1.854350,11951.430000
9459213,1759175836152,sell,1.854300,41.500000
9459214,1759175836152,sell,1.854000,76.570000
9459215,1759175836152,sell,1.853900,17.030000
9459216,1759175836515,sell,1.853900,6.700000
9459217,1759175836796,buy,1.854000,370.020000
9459218,1759175837056,buy,1.854000,54.500000
9459219,1759175837127,sell,1.854100,11.000000
9459220,1759175837301,buy,1.854200,3.230000
9459221,1759175837368,sell,1.854200,53.930000
9459222,1759175837368,sell,1.854100,107.930000
9459223,1759175837415,buy,1.854400,3.160000
9459224,1759175837434,sell,1.854300,10.000000
9459225,1759175837434,sell,1.854200,63.930000
9459226,1759175837434,sell,1.854100,87.990000
9459227,1759175837640,sell,1.854300,31.300000
9459228,1759175837640,sell,1.854100,173.640000
9459229,1759175838129,buy,1.854400,2006.700000
9459230,1759175838386,sell,1.854300,1294.900000
9459231,1759175838671,sell,1.854200,488.830000
9459232,1759175839016,sell,1.854000,93.040000
9459233,1759175839016,sell,1.853900,414.590000
9459234,1759175839016,sell,1.853800,1516.880000
9459235,1759175839017,buy,1.854100,30.800000
9459236,1759175839017,buy,1.854200,21.000000
9459237,1759175839017,buy,1.854300,31.800000
9459238,1759175839017,buy,1.854400,11.000000
9459239,1759175839017,buy,1.854500,67.200000
9459240,1759175839156,sell,1.854000,30.800000
9459241,1759175839156,sell,1.853900,260.000000
9459242,1759175839205,sell,1.853800,11.500000
9459243,1759175839333,sell,1.854000,21.000000
9459244,1759175839333,sell,1.853600,238.870000
9459245,1759175839334,sell,1.853400,53.950000
9459246,1759175839345,sell,1.853300,223.070000
9459247,1759175839416,buy,1.853500,11.000000
9459248,1759175839598,sell,1.853400,221.780000
9459249,1759175839685,sell,1.853300,1775.400000
9459250,1759175839826,sell,1.853300,5.510000
9459251,1759175839826,sell,1.853200,14.720000
9459252,1759175839904,buy,1.853300,504.040000
9459253,1759175840088,sell,1.853200,21.150000
9459254,1759175840088,sell,1.853100,3.230000
9459255,1759175840088,sell,1.853000,25.620000
9459256,1759175840394,buy,1.853300,104.600000
9459257,1759175840460,sell,1.853200,11.000000
9459258,1759175840490,buy,1.853300,269.640000
9459259,1759175840596,sell,1.853300,6576.140000
9459260,1759175840657,buy,1.853400,3.230000
9459261,1759175840657,buy,1.853500,328.200000
9459262,1759175840664,buy,1.853600,154.330000
9459263,1759175840664,buy,1.853700,675.110000
9459264,1759175840812,buy,1.853400,5000.000000
9459265,1759175840863,buy,1.853700,17.800000
9459266,1759175840992,buy,1.853600,7.600000
9459267,1759175841129,buy,1.853600,8.420000
9459268,1759175841129,buy,1.853900,153.440000
9459269,1759175841348,buy,1.853900,269.420000
9459270,1759175841408,buy,1.854000,3.200000
9459271,1759175841501,sell,1.853900,11.680000
9459272,1759175841594,buy,1.854000,32.670000
9459273,1759175841594,buy,1.854300,3.230000
9459274,1759175841594,buy,1.854400,143.720000
9459275,1759175841594,buy,1.854500,42.160000
9459276,1759175841646,sell,1.854000,35.870000
9459277,1759175841646,sell,1.853900,20.800000
9459278,1759175841646,sell,1.853800,24.920000
9459279,1759175841747,buy,1.854000,53.950000
9459280,1759175841753,sell,1.853900,13.730000
9459281,1759175841753,sell,1.853800,11.000000
9459282,1759175841808,sell,1.853900,10.000000
9459283,1759175841829,buy,1.853900,10.000000
9459284,1759175841970,sell,1.853600,28.600000
9459285,1759175841997,buy,1.853700,21.500000
9459286,1759175842107,sell,1.853600,18.770000
9459287,1759175842107,sell,1.853200,35.870000
9459288,1759175842107,sell,1.853100,107.160000
9459289,1759175842168,sell,1.853000,6.700000
9459290,1759175842332,sell,1.853000,53.200000
9459291,1759175842566,sell,1.853000,2.700000
9459292,1759175842761,sell,1.853000,28.600000
9459293,1759175842917,sell,1.853000,161.060000
9459294,1759175843188,buy,1.853100,126.600000
9459295,1759175843294,sell,1.853300,309.270000
9459296,1759175843452,buy,1.853400,3.230000
9459297,1759175843676,sell,1.853550,7008.700000
9459298,1759175843805,buy,1.853600,6.700000
9459299,1759175844122,buy,1.853600,161.820000
9459300,1759175844173,sell,1.853500,126.600000
9459301,1759175844173,sell,1.853200,35.870000
9459302,1759175844179,sell,1.853100,457.440000
9459303,1759175844179,sell,1.853000,193.130000
9459304,1759175844186,sell,1.853100,1460.760000
9459305,1759175844204,buy,1.853300,88.070000
9459306,1759175844375,sell,1.853000,155.220000
9459307,1759175844422,sell,1.852900,343.200000
9459308,1759175844586,sell,1.852900,27.100000
9459309,1759175844900,buy,1.853000,73.600000
9459310,1759175844900,buy,1.853300,3.230000
9459311,1759175844932,sell,1.853000,10.000000
9459312,1759175845029,sell,1.853400,3.200000
9459313,1759175845194,sell,1.853500,20.500000
9459314,1759175845194,sell,1.853400,70.400000
9459315,1759175845194,sell,1.853200,19.270000
9459316,1759175845194,sell,1.853100,53.960000
9459317,1759175845194,sell,1.853000,1835.870000
9459318,1759175845215,sell,1.853100,11.500000
9459319,1759175845244,sell,1.853200,11.000000
9459320,1759175845463,sell,1.853100,220.930000
9459321,1759175845463,sell,1.853000,53.970000
9459322,1759175845463,sell,1.852900,243.100000
9459323,1759175845504,buy,1.853200,10.000000
9459324,1759175845724,buy,1.853200,84.100000
9459325,1759175845821,buy,1.853300,10.000000
9459326,1759175845821,buy,1.853400,192.000000
9459327,1759175845821,buy,1.853500,2941.630000
9459328,1759175845859,sell,1.853100,55.400000
9459329,1759175845892,buy,1.853600,3.200000
9459330,1759175846143,buy,1.853600,4.400000
9459331,1759175846406,sell,1.853500,81.600000
9459332,1759175846406,sell,1.853100,80.220000
9459333,1759175846540,sell,1.853100,338.000000
9459334,1759175846692,buy,1.853200,14.700000
9459335,1759175846815,buy,1.853200,644.790000
9459336,1759175846820,sell,1.853100,11.000000
9459337,1759175846820,sell,1.853000,300.000000
9459338,1759175846820,sell,1.852800,35.870000
9459339,1759175846820,sell,1.852700,162.050000
9459340,1759175847199,sell,1.852800,25.700000
9459341,1759175847445,sell,1.852800,27.400000
9459342,1759175847815,sell,1.853000,6.700000
9459343,1759175847939,sell,1.853000,1280.140000
9459344,1759175847939,sell,1.852800,219.860000
9459345,1759175848062,sell,1.852900,2.700000
9459346,1759175848258,sell,1.852900,10.500000
9459347,1759175848550,sell,1.852900,27.100000
9459348,1759175848558,buy,1.852950,11186.290000
9459349,1759175848757,sell,1.852900,43.000000
9459350,1759175848784,buy,1.852900,225.930000
9459351,1759175848896,sell,1.852600,300.000000
9459352,1759175848896,sell,1.852500,47.090000
9459353,1759175848896,sell,1.852400,35.870000
9459354,1759175848896,sell,1.852300,108.040000
9459355,1759175848910,sell,1.852400,536.000000
9459356,1759175848925,buy,1.852700,33.000000
9459357,1759175848925,buy,1.852800,128.840000
9459358,1759175849298,sell,1.852500,36.000000
9459359,1759175849298,sell,1.852400,53.980000
9459360,1759175849298,sell,1.852300,374.480000
9459361,1759175849439,buy,1.852400,6.700000
9459362,1759175849623,sell,1.852300,5.760000
9459363,1759175849693,buy,1.852400,2.700000
9459364,1759175849831,sell,1.852300,4.400000
9459365,1759175850069,sell,1.852300,464.000000
9459366,1759175850224,buy,1.852400,26.960000
9459367,1759175850416,buy,1.852400,45.480000
9459368,1759175850423,sell,1.852300,27.100000
9459369,1759175850741,sell,1.852300,3.200000
9459370,1759175850749,buy,1.852400,44.760000
9459371,1759175850797,sell,1.852300,207.590000
9459372,1759175850809,buy,1.852700,215.880000
9459373,1759175851234,sell,1.852700,53.000000
9459374,1759175851234,sell,1.852400,108.840000
9459375,1759175851466,sell,1.852200,27.100000
9459376,1759175851469,buy,1.852300,4.400000
9459377,1759175851534,sell,1.852200,95.280000
9459378,1759175851534,sell,1.852100,452.720000
9459379,1759175851692,buy,1.852300,48.200000
9459380,1759175851692,buy,1.852400,11.000000
9459381,1759175851692,buy,1.852600,21.500000
9459382,1759175851692,buy,1.852700,200.000000
9459383,1759175851692,buy,1.852800,203.300000
9459384,1759175851825,buy,1.852500,41.270000
9459385,1759175851911,sell,1.852400,21.500000
9459386,1759175851987,sell,1.852500,20.000000
9459387,1759175852229,buy,1.852600,11.000000
9459388,1759175852277,sell,1.852500,51.100000
9459389,1759175852310,buy,1.852600,11.500000
9459390,1759175852347,buy,1.852700,23.700000
9459391,1759175852449,sell,1.852550,4553.470000
9459392,1759175852962,sell,1.852500,83.600000
9459393,1759175852962,sell,1.852400,14.370000
9459394,1759175852962,sell,1.852300,300.000000
9459395,1759175852962,sell,1.852200,107.980000
9459396,1759175852962,sell,1.852100,486.050000
9459397,1759175853017,buy,1.852500,200.000000
9459398,1759175853019,sell,1.852200,27.100000
9459399,1759175853292,buy,1.852300,94.100000
9459400,1759175853292,buy,1.852400,175.000000
9459401,1759175853298,buy,1.852500,10.000000
9459402,1759175853298,buy,1.852700,23.230000
9459403,1759175853394,buy,1.852300,103.040000
9459404,1759175853427,sell,1.852700,17.700000
9459405,1759175853652,buy,1.852800,335.870000
9459406,1759175853711,sell,1.852800,2.700000
9459407,1759175853763,buy,1.852900,60.000000
9459408,1759175853883,buy,1.853100,161.970000
9459409,1759175853895,sell,1.853000,27.100000
9459410,1759175854163,buy,1.853100,15.250000
9459411,1759175854163,buy,1.853200,55.870000
9459412,1759175854166,buy,1.853300,3.230000
9459413,1759175854166,buy,1.853400,40.530000
9459414,1759175854633,sell,1.853300,27.100000
9459415,1759175854649,sell,1.853350,9639.180000
9459416,1759175854910,sell,1.853300,129.830000
9459417,1759175854918,sell,1.853100,110.430000
9459418,1759175854918,sell,1.853000,191.520000
9459419,1759175855086,buy,1.852900,3.200000
9459420,1759175855154,sell,1.852800,464.000000
9459421,1759175855172,buy,1.852900,3.500000
9459422,1759175855482,sell,1.852800,4.400000
9459423,1759175855602,sell,1.852800,19.300000
9459424,1759175855602,sell,1.852600,308.080000
9459425,1759175855616,sell,1.852500,756.470000
9459426,1759175855735,sell,1.852400,35.870000
9459427,1759175855735,sell,1.852200,398.130000
9459428,1759175855827,sell,1.852300,161.970000
9459429,1759175856111,sell,1.852300,2336.640000
9459430,1759175856348,buy,1.852400,52.700000
9459431,1759175856359,sell,1.852300,57.170000
9459432,1759175856882,buy,1.852400,162.940000
9459433,1759175857088,buy,1.852500,136.420000
9459434,1759175857487,buy,1.852500,273.430000
9459435,1759175857993,buy,1.852500,161.910000
9459436,1759175858086,sell,1.852400,276.830000
9459437,1759175858359,buy,1.852350,8660.810000
9459438,1759175858392,buy,1.852400,64.300000
9459439,1759175858392,buy,1.852500,62.300000
9459440,1759175858762,sell,1.852500,3.200000
9459441,1759175858763,buy,1.852600,444.740000
9459442,1759175859119,sell,1.852500,87.250000
9459443,1759175859362,sell,1.852500,2.700000
9459444,1759175859741,sell,1.852500,1661.910000
9459445,1759175860421,buy,1.852600,3.200000
9459446,1759175860844,buy,1.852600,3.500000
9459447,1759175860997,buy,1.852600,2.700000
9459448,1759175861121,sell,1.852500,4.400000
9459449,1759175861137,buy,1.852600,161.940000
9459450,1759175861182,sell,1.852500,216.140000
9459451,1759175861332,sell,1.852500,161.970000
9459452,1759175861768,sell,1.852550,5091.630000
9459453,1759175862042,sell,1.852500,3.200000
9459454,1759175862754,buy,1.852700,4.400000
9459455,1759175862954,buy,1.852700,295.600000
9459456,1759175862954,buy,1.852800,55.080000
9459457,1759175862997,sell,1.852600,127.080000
9459458,1759175862997,sell,1.852500,34.860000
9459459,1759175863260,sell,1.852600,199.120000
9459460,1759175863260,sell,1.852500,17.020000
9459461,1759175863675,buy,1.852700,6.400000
9459462,1759175863800,buy,1.852700,109.200000
9459463,1759175863800,buy,1.852800,180.790000
9459464,1759175863800,buy,1.853100,160.200000
9459465,1759175863800,buy,1.853200,771.040000
9459466,1759175863800,buy,1.853300,227.110000
9459467,1759175863842,buy,1.852950,9724.940000
9459468,1759175863905,buy,1.853100,107.930000
9459469,1759175863905,buy,1.853200,912.150000
9459470,1759175863939,buy,1.853100,11.500000
9459471,1759175864247,buy,1.853100,10.300000
9459472,1759175864418,buy,1.853100,161.940000
9459473,1759175864435,sell,1.853000,3.200000
9459474,1759175864482,buy,1.853100,135.100000
9459475,1759175864516,sell,1.853000,3.500000
9459476,1759175864693,buy,1.853100,666.350000
9459477,1759175864694,sell,1.853000,2.700000
9459478,1759175864710,buy,1.853100,1985.410000
9459479,1759175864768,sell,1.853000,3.200000
9459480,1759175864898,sell,1.853000,57.600000
9459481,1759175865296,buy,1.853100,269.900000
9459482,1759175865503,buy,1.853100,38.400000
9459483,1759175865503,buy,1.853200,123.520000
9459484,1759175865715,sell,1.853000,57.600000
9459485,1759175866059,buy,1.853100,261.800000
9459486,1759175866062,buy,1.853200,43.590000
9459487,1759175866155,buy,1.853300,203.230000
9459488,1759175866369,sell,1.853300,161.940000
9459489,1759175866493,buy,1.853400,67.870000
9459490,1759175866494,buy,1.853500,57.760000
9459491,1759175866529,sell,1.853300,60.500000
9459492,1759175866611,buy,1.853500,2.700000
9459493,1759175866769,sell,1.853400,4.400000
9459494,1759175867040,buy,1.853500,170.540000
9459495,1759175867383,sell,1.853500,216.150000
9459496,1759175867484,sell,1.853500,59.800000
9459497,1759175867655,sell,1.853500,294.740000
9459498,1759175867699,buy,1.853600,140.270000
9459499,1759175867978,sell,1.853550,4555.240000
9459500,1759175868066,buy,1.853600,236.800000
9459501,1759175868212,buy,1.853700,3.230000
9459502,1759175868402,buy,1.853900,7.600000
9459503,1759175868848,buy,1.853900,75.160000
9459504,1759175868848,buy,1.854000,86.690000
9459505,1759175868954,buy,1.854000,210.080000
9459506,1759175868954,buy,1.854100,1023.980000
9459507,1759175868954,buy,1.854200,138.220000
9459508,1759175868954,buy,1.854300,659.460000
9459509,1759175868954,buy,1.854400,797.280000
9459510,1759175868954,buy,1.854500,1170.980000
9459511,1759175869061,sell,1.854000,39.100000
9459512,1759175869061,sell,1.853800,14.400000
9459513,1759175869115,buy,1.854200,10.300000
9459514,1759175869280,sell,1.854100,453.920000
9459515,1759175869280,sell,1.854000,796.120000
9459516,1759175869280,sell,1.853900,735.370000
9459517,1759175869342,buy,1.854300,34.150000
9459518,1759175869342,buy,1.854400,235.870000
9459519,1759175869342,buy,1.854600,107.840000
9459520,1759175869342,buy,1.854700,622.730000
9459521,1759175869359,sell,1.854200,21.000000
9459522,1759175869359,sell,1.854000,35.870000
9459523,1759175869359,sell,1.853900,4.870000
9459524,1759175869424,sell,1.854100,11.000000
9459525,1759175869424,sell,1.853900,1458.660000
9459526,1759175869424,sell,1.853800,530.340000
9459527,1759175869581,sell,1.853900,3.200000
9459528,1759175869837,sell,1.853900,3.500000
9459529,1759175870056,sell,1.853900,53.500000
9459530,1759175870478,sell,1.853900,257.100000
9459531,1759175870491,buy,1.854000,105.800000
9459532,1759175870656,buy,1.854200,3.230000
9459533,1759175870976,sell,1.854300,425.930000
9459534,1759175870976,sell,1.854200,248.320000
9459535,1759175871029,sell,1.854300,53.940000
9459536,1759175871383,sell,1.854300,197.750000
9459537,1759175871470,buy,1.854400,46.370000
9459538,1759175871629,buy,1.854500,300.000000
9459539,1759175871691,sell,1.854450,1884.930000
9459540,1759175871791,sell,1.854400,74.500000
9459541,1759175871866,buy,1.854500,30.600000
9459542,1759175871867,buy,1.854800,15.280000
9459543,1759175871921,sell,1.854600,85.370000
9459544,1759175872145,buy,1.854800,66.740000
